万得代码,交易所代码,自然日,时间,成交价,成交量,成交额,成交笔数,IOPV,成交标志,BS标志,当日累计成交量,当日成交额,最高价,最低价,开盘价,前收盘,申卖价1,申卖价2,申卖价3,申卖价4,申卖价5,申卖价6,申卖价7,申卖价8,申卖价9,申卖价10,申卖量1,申卖量2,申卖量3,申卖量4,申卖量5,申卖量6,申卖量7,申卖量8,申卖量9,申卖量10,申买价1,申买价2,申买价3,申买价4,申买价5,申买价6,申买价7,申买价8,申买价9,申买价10,申买量1,申买量2,申买量3,申买量4,申买量5,申买量6,申买量7,申买量8,申买量9,申买量10,加权平均叫卖价,加权平均叫买价,叫卖总量,叫买总量,不加权指数,品种总数,上涨品种数,下跌品种数,持平品种数
000711.SZ,000711,20260325,91500000,0,0,0,0,0,,,0,0,0,0,0,44500,42300,0,0,0,0,0,0,0,0,0,2056100,10662800,0,0,0,0,0,0,0,0,42300,0,0,0,0,0,0,0,0,0,2056100,0,0,0,0,0,0,0,0,0,0,0,0,0,0,0,0,0,0
000711.SZ,000711,20260325,91509000,0,0,0,0,0,,,0,0,0,0,0,44500,42300,0,0,0,0,0,0,0,0,0,5688100,14106000,0,0,0,0,0,0,0,0,42300,0,0,0,0,0,0,0,0,0,5688100,0,0,0,0,0,0,0,0,0,0,0,0,0,0,0,0,0,0
000711.SZ,000711,20260325,91518000,0,0,0,0,0,,,0,0,0,0,0,44500,42300,0,0,0,0,0,0,0,0,0,5733900,14484300,0,0,0,0,0,0,0,0,42300,0,0,0,0,0,0,0,0,0,5733900,0,0,0,0,0,0,0,0,0,0,0,0,0,0,0,0,0,0
000711.SZ,000711,20260325,91527000,0,0,0,0,0,,,0,0,0,0,0,44500,42300,0,0,0,0,0,0,0,0,0,6031500,14783700,0,0,0,0,0,0,0,0,42300,0,0,0,0,0,0,0,0,0,6031500,0,0,0,0,0,0,0,0,0,0,0,0,0,0,0,0,0,0
000711.SZ,000711,20260325,91536000,0,0,0,0,0,,,0,0,0,0,0,44500,42300,0,0,0,0,0,0,0,0,0,5983200,14832900,0,0,0,0,0,0,0,0,42300,0,0,0,0,0,0,0,0,0,5983200,0,0,0,0,0,0,0,0,0,0,0,0,0,0,0,0,0,0
000711.SZ,000711,20260325,91545000,0,0,0,0,0,,,0,0,0,0,0,44500,42300,0,0,0,0,0,0,0,0,0,6285300,14674700,0,0,0,0,0,0,0,0,42300,0,0,0,0,0,0,0,0,0,6285300,0,0,0,0,0,0,0,0,0,0,0,0,0,0,0,0,0,0
000711.SZ,000711,20260325,91554000,0,0,0,0,0,,,0,0,0,0,0,44500,42300,0,0,0,0,0,0,0,0,0,6280200,14792200,0,0,0,0,0,0,0,0,42300,0,0,0,0,0,0,0,0,0,6280200,0,0,0,0,0,0,0,0,0,0,0,0,0,0,0,0,0,0
000711.SZ,000711,20260325,91603000,0,0,0,0,0,,,0,0,0,0,0,44500,42300,0,0,0,0,0,0,0,0,0,6330300,14733400,0,0,0,0,0,0,0,0,42300,0,0,0,0,0,0,0,0,0,6330300,0,0,0,0,0,0,0,0,0,0,0,0,0,0,0,0,0,0
000711.SZ,000711,20260325,91612000,0,0,0,0,0,,,0,0,0,0,0,44500,42300,0,0,0,0,0,0,0,0,0,6457800,14909400,0,0,0,0,0,0,0,0,42300,0,0,0,0,0,0,0,0,0,6457800,0,0,0,0,0,0,0,0,0,0,0,0,0,0,0,0,0,0
000711.SZ,000711,20260325,91621000,0,0,0,0,0,,,0,0,0,0,0,44500,42300,0,0,0,0,0,0,0,0,0,6955700,13904600,0,0,0,0,0,0,0,0,42300,0,0,0,0,0,0,0,0,0,6955700,0,0,0,0,0,0,0,0,0,0,0,0,0,0,0,0,0,0
000711.SZ,000711,20260325,91630000,0,0,0,0,0,,,0,0,0,0,0,44500,42300,0,0,0,0,0,0,0,0,0,6949100,14215000,0,0,0,0,0,0,0,0,42300,0,0,0,0,0,0,0,0,0,6949100,0,0,0,0,0,0,0,0,0,0,0,0,0,0,0,0,0,0
000711.SZ,000711,20260325,91639000,0,0,0,0,0,,,0,0,0,0,0,44500,42300,0,0,0,0,0,0,0,0,0,7130800,14004500,0,0,0,0,0,0,0,0,42300,0,0,0,0,0,0,0,0,0,7130800,0,0,0,0,0,0,0,0,0,0,0,0,0,0,0,0,0,0
000711.SZ,000711,20260325,91648000,0,0,0,0,0,,,0,0,0,0,0,44500,42300,0,0,0,0,0,0,0,0,0,7452900,13101800,0,0,0,0,0,0,0,0,42300,0,0,0,0,0,0,0,0,0,7452900,0,0,0,0,0,0,0,0,0,0,0,0,0,0,0,0,0,0
000711.SZ,000711,20260325,91657000,0,0,0,0,0,,,0,0,0,0,0,44500,42300,0,0,0,0,0,0,0,0,0,7584800,12717100,0,0,0,0,0,0,0,0,42300,0,0,0,0,0,0,0,0,0,7584800,0,0,0,0,0,0,0,0,0,0,0,0,0,0,0,0,0,0
000711.SZ,000711,20260325,91706000,0,0,0,0,0,,,0,0,0,0,0,44500,42300,0,0,0,0,0,0,0,0,0,7748200,12610700,0,0,0,0,0,0,0,0,42300,0,0,0,0,0,0,0,0,0,7748200,0,0,0,0,0,0,0,0,0,0,0,0,0,0,0,0,0,0
000711.SZ,000711,20260325,91715000,0,0,0,0,0,,,0,0,0,0,0,44500,42300,0,0,0,0,0,0,0,0,0,8023000,11910500,0,0,0,0,0,0,0,0,42300,0,0,0,0,0,0,0,0,0,8023000,0,0,0,0,0,0,0,0,0,0,0,0,0,0,0,0,0,0
000711.SZ,000711,20260325,91724000,0,0,0,0,0,,,0,0,0,0,0,44500,42300,0,0,0,0,0,0,0,0,0,8120400,10446600,0,0,0,0,0,0,0,0,42300,0,0,0,0,0,0,0,0,0,8120400,0,0,0,0,0,0,0,0,0,0,0,0,0,0,0,0,0,0
000711.SZ,000711,20260325,91733000,0,0,0,0,0,,,0,0,0,0,0,44500,42300,0,0,0,0,0,0,0,0,0,8375700,9687100,0,0,0,0,0,0,0,0,42300,0,0,0,0,0,0,0,0,0,8375700,0,0,0,0,0,0,0,0,0,0,0,0,0,0,0,0,0,0
000711.SZ,000711,20260325,91742000,0,0,0,0,0,,,0,0,0,0,0,44500,42300,0,0,0,0,0,0,0,0,0,8500100,9420000,0,0,0,0,0,0,0,0,42300,0,0,0,0,0,0,0,0,0,8500100,0,0,0,0,0,0,0,0,0,0,0,0,0,0,0,0,0,0
000711.SZ,000711,20260325,91751000,0,0,0,0,0,,,0,0,0,0,0,44500,42300,0,0,0,0,0,0,0,0,0,8618800,8414200,0,0,0,0,0,0,0,0,42300,0,0,0,0,0,0,0,0,0,8618800,0,0,0,0,0,0,0,0,0,0,0,0,0,0,0,0,0,0
000711.SZ,000711,20260325,91800000,0,0,0,0,0,,,0,0,0,0,0,44500,42300,0,0,0,0,0,0,0,0,0,8714300,7789300,0,0,0,0,0,0,0,0,42300,0,0,0,0,0,0,0,0,0,8714300,0,0,0,0,0,0,0,0,0,0,0,0,0,0,0,0,0,0
000711.SZ,000711,20260325,91809000,0,0,0,0,0,,,0,0,0,0,0,44500,42300,0,0,0,0,0,0,0,0,0,8830000,7016500,0,0,0,0,0,0,0,0,42300,0,0,0,0,0,0,0,0,0,8830000,0,0,0,0,0,0,0,0,0,0,0,0,0,0,0,0,0,0
000711.SZ,000711,20260325,91818000,0,0,0,0,0,,,0,0,0,0,0,44500,42300,0,0,0,0,0,0,0,0,0,9038000,6228000,0,0,0,0,0,0,0,0,42300,0,0,0,0,0,0,0,0,0,9038000,0,0,0,0,0,0,0,0,0,0,0,0,0,0,0,0,0,0
000711.SZ,000711,20260325,91827000,0,0,0,0,0,,,0,0,0,0,0,44500,42300,0,0,0,0,0,0,0,0,0,9361900,4694100,0,0,0,0,0,0,0,0,42300,0,0,0,0,0,0,0,0,0,9361900,0,0,0,0,0,0,0,0,0,0,0,0,0,0,0,0,0,0
000711.SZ,000711,20260325,91836000,0,0,0,0,0,,,0,0,0,0,0,44500,42300,0,0,0,0,0,0,0,0,0,9979700,2223100,0,0,0,0,0,0,0,0,42300,0,0,0,0,0,0,0,0,0,9979700,0,0,0,0,0,0,0,0,0,0,0,0,0,0,0,0,0,0
000711.SZ,000711,20260325,91845000,0,0,0,0,0,,,0,0,0,0,0,44500,42300,0,0,0,0,0,0,0,0,0,10106700,587600,0,0,0,0,0,0,0,0,42300,0,0,0,0,0,0,0,0,0,10106700,0,0,0,0,0,0,0,0,0,0,0,0,0,0,0,0,0,0
000711.SZ,000711,20260325,91854000,0,0,0,0,0,,,0,0,0,0,0,44500,42300,0,0,0,0,0,0,0,0,0,9612200,0,0,0,0,0,0,0,0,0,42300,0,0,0,0,0,0,0,0,0,9612200,555600,0,0,0,0,0,0,0,0,0,0,0,0,0,0,0,0,0
000711.SZ,000711,20260325,91903000,0,0,0,0,0,,,0,0,0,0,0,44500,42300,0,0,0,0,0,0,0,0,0,8441700,0,0,0,0,0,0,0,0,0,42300,0,0,0,0,0,0,0,0,0,8441700,1909600,0,0,0,0,0,0,0,0,0,0,0,0,0,0,0,0,0
000711.SZ,000711,20260325,91912000,0,0,0,0,0,,,0,0,0,0,0,44500,42300,0,0,0,0,0,0,0,0,0,6986800,0,0,0,0,0,0,0,0,0,42300,0,0,0,0,0,0,0,0,0,6986800,4035800,0,0,0,0,0,0,0,0,0,0,0,0,0,0,0,0,0
000711.SZ,000711,20260325,91921000,0,0,0,0,0,,,0,0,0,0,0,44500,42300,0,0,0,0,0,0,0,0,0,6144900,0,0,0,0,0,0,0,0,0,42300,0,0,0,0,0,0,0,0,0,6144900,4739500,0,0,0,0,0,0,0,0,0,0,0,0,0,0,0,0,0
000711.SZ,000711,20260325,91930000,0,0,0,0,0,,,0,0,0,0,0,44500,42300,0,0,0,0,0,0,0,0,0,5299200,0,0,0,0,0,0,0,0,0,42300,0,0,0,0,0,0,0,0,0,5299200,6175900,0,0,0,0,0,0,0,0,0,0,0,0,0,0,0,0,0
000711.SZ,000711,20260325,91939000,0,0,0,0,0,,,0,0,0,0,0,44500,42300,0,0,0,0,0,0,0,0,0,4888500,0,0,0,0,0,0,0,0,0,42300,0,0,0,0,0,0,0,0,0,4888500,6775600,0,0,0,0,0,0,0,0,0,0,0,0,0,0,0,0,0
000711.SZ,000711,20260325,91948000,0,0,0,0,0,,,0,0,0,0,0,44500,42300,0,0,0,0,0,0,0,0,0,4402400,0,0,0,0,0,0,0,0,0,42300,0,0,0,0,0,0,0,0,0,4402400,7427000,0,0,0,0,0,0,0,0,0,0,0,0,0,0,0,0,0
000711.SZ,000711,20260325,91957000,0,0,0,0,0,,,0,0,0,0,0,44500,42300,0,0,0,0,0,0,0,0,0,3840800,0,0,0,0,0,0,0,0,0,42300,0,0,0,0,0,0,0,0,0,3840800,8081100,0,0,0,0,0,0,0,0,0,0,0,0,0,0,0,0,0
000711.SZ,000711,20260325,92000000,0,0,0,0,0,,,0,0,0,0,0,44500,42300,0,0,0,0,0,0,0,0,0,3766500,0,0,0,0,0,0,0,0,0,42300,0,0,0,0,0,0,0,0,0,3766500,8250500,0,0,0,0,0,0,0,0,0,0,0,0,0,0,0,0,0
000711.SZ,000711,20260325,92009000,0,0,0,0,0,,,0,0,0,0,0,44500,42300,0,0,0,0,0,0,0,0,0,3779700,0,0,0,0,0,0,0,0,0,42300,0,0,0,0,0,0,0,0,0,3779700,8752600,0,0,0,0,0,0,0,0,0,0,0,0,0,0,0,0,0
000711.SZ,000711,20260325,92018000,0,0,0,0,0,,,0,0,0,0,0,44500,42300,0,0,0,0,0,0,0,0,0,3858100,0,0,0,0,0,0,0,0,0,42300,0,0,0,0,0,0,0,0,0,3858100,8842600,0,0,0,0,0,0,0,0,0,0,0,0,0,0,0,0,0
000711.SZ,000711,20260325,92027000,0,0,0,0,0,,,0,0,0,0,0,44500,42300,0,0,0,0,0,0,0,0,0,3870900,0,0,0,0,0,0,0,0,0,42300,0,0,0,0,0,0,0,0,0,3870900,9285700,0,0,0,0,0,0,0,0,0,0,0,0,0,0,0,0,0
000711.SZ,000711,20260325,92036000,0,0,0,0,0,,,0,0,0,0,0,44500,42300,0,0,0,0,0,0,0,0,0,3888600,0,0,0,0,0,0,0,0,0,42300,0,0,0,0,0,0,0,0,0,3888600,9563000,0,0,0,0,0,0,0,0,0,0,0,0,0,0,0,0,0
000711.SZ,000711,20260325,92045000,0,0,0,0,0,,,0,0,0,0,0,44500,42300,0,0,0,0,0,0,0,0,0,3913100,0,0,0,0,0,0,0,0,0,42300,0,0,0,0,0,0,0,0,0,3913100,10118400,0,0,0,0,0,0,0,0,0,0,0,0,0,0,0,0,0
000711.SZ,000711,20260325,92054000,0,0,0,0,0,,,0,0,0,0,0,44500,42300,0,0,0,0,0,0,0,0,0,3948500,0,0,0,0,0,0,0,0,0,42300,0,0,0,0,0,0,0,0,0,3948500,10413400,0,0,0,0,0,0,0,0,0,0,0,0,0,0,0,0,0
000711.SZ,000711,20260325,92103000,0,0,0,0,0,,,0,0,0,0,0,44500,42400,0,0,0,0,0,0,0,0,0,3950900,0,0,0,0,0,0,0,0,0,42400,0,0,0,0,0,0,0,0,0,3950900,324900,0,0,0,0,0,0,0,0,0,0,0,0,0,0,0,0,0
000711.SZ,000711,20260325,92112000,0,0,0,0,0,,,0,0,0,0,0,44500,42400,0,0,0,0,0,0,0,0,0,3953900,0,0,0,0,0,0,0,0,0,42400,0,0,0,0,0,0,0,0,0,3953900,443900,0,0,0,0,0,0,0,0,0,0,0,0,0,0,0,0,0
000711.SZ,000711,20260325,92121000,0,0,0,0,0,,,0,0,0,0,0,44500,42400,0,0,0,0,0,0,0,0,0,3968500,0,0,0,0,0,0,0,0,0,42400,0,0,0,0,0,0,0,0,0,3968500,609100,0,0,0,0,0,0,0,0,0,0,0,0,0,0,0,0,0
000711.SZ,000711,20260325,92130000,0,0,0,0,0,,,0,0,0,0,0,44500,42400,0,0,0,0,0,0,0,0,0,3970400,0,0,0,0,0,0,0,0,0,42400,0,0,0,0,0,0,0,0,0,3970400,902600,0,0,0,0,0,0,0,0,0,0,0,0,0,0,0,0,0
000711.SZ,000711,20260325,92139000,0,0,0,0,0,,,0,0,0,0,0,44500,42400,0,0,0,0,0,0,0,0,0,3973600,0,0,0,0,0,0,0,0,0,42400,0,0,0,0,0,0,0,0,0,3973600,1099800,0,0,0,0,0,0,0,0,0,0,0,0,0,0,0,0,0
000711.SZ,000711,20260325,92148000,0,0,0,0,0,,,0,0,0,0,0,44500,42400,0,0,0,0,0,0,0,0,0,3979700,0,0,0,0,0,0,0,0,0,42400,0,0,0,0,0,0,0,0,0,3979700,1464300,0,0,0,0,0,0,0,0,0,0,0,0,0,0,0,0,0
000711.SZ,000711,20260325,92157000,0,0,0,0,0,,,0,0,0,0,0,44500,42400,0,0,0,0,0,0,0,0,0,3991700,0,0,0,0,0,0,0,0,0,42400,0,0,0,0,0,0,0,0,0,3991700,1633400,0,0,0,0,0,0,0,0,0,0,0,0,0,0,0,0,0
000711.SZ,000711,20260325,92206000,0,0,0,0,0,,,0,0,0,0,0,44500,42400,0,0,0,0,0,0,0,0,0,4025700,0,0,0,0,0,0,0,0,0,42400,0,0,0,0,0,0,0,0,0,4025700,1850500,0,0,0,0,0,0,0,0,0,0,0,0,0,0,0,0,0
000711.SZ,000711,20260325,92215000,0,0,0,0,0,,,0,0,0,0,0,44500,42400,0,0,0,0,0,0,0,0,0,4030600,0,0,0,0,0,0,0,0,0,42400,0,0,0,0,0,0,0,0,0,4030600,2038100,0,0,0,0,0,0,0,0,0,0,0,0,0,0,0,0,0
000711.SZ,000711,20260325,92224000,0,0,0,0,0,,,0,0,0,0,0,44500,42400,0,0,0,0,0,0,0,0,0,4056900,0,0,0,0,0,0,0,0,0,42400,0,0,0,0,0,0,0,0,0,4056900,2261300,0,0,0,0,0,0,0,0,0,0,0,0,0,0,0,0,0
000711.SZ,000711,20260325,92233000,0,0,0,0,0,,,0,0,0,0,0,44500,42400,0,0,0,0,0,0,0,0,0,4173600,0,0,0,0,0,0,0,0,0,42400,0,0,0,0,0,0,0,0,0,4173600,2332000,0,0,0,0,0,0,0,0,0,0,0,0,0,0,0,0,0
000711.SZ,000711,20260325,92242000,0,0,0,0,0,,,0,0,0,0,0,44500,42400,0,0,0,0,0,0,0,0,0,4211000,0,0,0,0,0,0,0,0,0,42400,0,0,0,0,0,0,0,0,0,4211000,3050500,0,0,0,0,0,0,0,0,0,0,0,0,0,0,0,0,0
000711.SZ,000711,20260325,92251000,0,0,0,0,0,,,0,0,0,0,0,44500,42500,0,0,0,0,0,0,0,0,0,4240900,0,0,0,0,0,0,0,0,0,42500,0,0,0,0,0,0,0,0,0,4240900,94400,0,0,0,0,0,0,0,0,0,0,0,0,0,0,0,0,0
000711.SZ,000711,20260325,92300000,0,0,0,0,0,,,0,0,0,0,0,44500,42500,0,0,0,0,0,0,0,0,0,4256100,0,0,0,0,0,0,0,0,0,42500,0,0,0,0,0,0,0,0,0,4256100,467700,0,0,0,0,0,0,0,0,0,0,0,0,0,0,0,0,0
000711.SZ,000711,20260325,92309000,0,0,0,0,0,,,0,0,0,0,0,44500,42800,0,0,0,0,0,0,0,0,0,4342900,0,0,0,0,0,0,0,0,0,42800,0,0,0,0,0,0,0,0,0,4342900,2500,0,0,0,0,0,0,0,0,0,0,0,0,0,0,0,0,0
000711.SZ,000711,20260325,92318000,0,0,0,0,0,,,0,0,0,0,0,44500,42800,0,0,0,0,0,0,0,0,0,4349100,0,0,0,0,0,0,0,0,0,42800,0,0,0,0,0,0,0,0,0,4349100,77200,0,0,0,0,0,0,0,0,0,0,0,0,0,0,0,0,0
000711.SZ,000711,20260325,92327000,0,0,0,0,0,,,0,0,0,0,0,44500,43000,0,0,0,0,0,0,0,0,0,4393700,0,0,0,0,0,0,0,0,0,43000,0,0,0,0,0,0,0,0,0,4393700,106100,0,0,0,0,0,0,0,0,0,0,0,0,0,0,0,0,0
000711.SZ,000711,20260325,92336000,0,0,0,0,0,,,0,0,0,0,0,44500,43100,0,0,0,0,0,0,0,0,0,4403800,0,0,0,0,0,0,0,0,0,43100,0,0,0,0,0,0,0,0,0,4403800,107100,0,0,0,0,0,0,0,0,0,0,0,0,0,0,0,0,0
000711.SZ,000711,20260325,92345000,0,0,0,0,0,,,0,0,0,0,0,44500,43100,0,0,0,0,0,0,0,0,0,4502300,0,0,0,0,0,0,0,0,0,43100,0,0,0,0,0,0,0,0,0,4502300,130600,0,0,0,0,0,0,0,0,0,0,0,0,0,0,0,0,0
000711.SZ,000711,20260325,92354000,0,0,0,0,0,,,0,0,0,0,0,44500,43300,0,0,0,0,0,0,0,0,0,4507300,0,0,0,0,0,0,0,0,0,43300,0,0,0,0,0,0,0,0,0,4507300,17700,0,0,0,0,0,0,0,0,0,0,0,0,0,0,0,0,0
000711.SZ,000711,20260325,92403000,0,0,0,0,0,,,0,0,0,0,0,44500,43500,0,0,0,0,0,0,0,0,0,4511600,0,0,0,0,0,0,0,0,0,43500,0,0,0,0,0,0,0,0,0,4511600,14300,0,0,0,0,0,0,0,0,0,0,0,0,0,0,0,0,0
000711.SZ,000711,20260325,92412000,0,0,0,0,0,,,0,0,0,0,0,44500,43500,0,0,0,0,0,0,0,0,0,4548700,0,0,0,0,0,0,0,0,0,43500,0,0,0,0,0,0,0,0,0,4548700,184200,0,0,0,0,0,0,0,0,0,0,0,0,0,0,0,0,0
000711.SZ,000711,20260325,92421000,0,0,0,0,0,,,0,0,0,0,0,44500,44000,0,0,0,0,0,0,0,0,0,4820800,50700,0,0,0,0,0,0,0,0,44000,0,0,0,0,0,0,0,0,0,4820800,0,0,0,0,0,0,0,0,0,0,0,0,0,0,0,0,0,0
000711.SZ,000711,20260325,92430000,0,0,0,0,0,,,0,0,0,0,0,44500,44000,0,0,0,0,0,0,0,0,0,5304700,16600,0,0,0,0,0,0,0,0,44000,0,0,0,0,0,0,0,0,0,5304700,0,0,0,0,0,0,0,0,0,0,0,0,0,0,0,0,0,0
000711.SZ,000711,20260325,92439000,0,0,0,0,0,,,0,0,0,0,0,44500,44000,0,0,0,0,0,0,0,0,0,6134600,0,0,0,0,0,0,0,0,0,44000,0,0,0,0,0,0,0,0,0,6134600,35400,0,0,0,0,0,0,0,0,0,0,0,0,0,0,0,0,0
000711.SZ,000711,20260325,92448000,0,0,0,0,0,,,0,0,0,0,0,44500,44000,0,0,0,0,0,0,0,0,0,6530100,0,0,0,0,0,0,0,0,0,44000,0,0,0,0,0,0,0,0,0,6530100,530300,0,0,0,0,0,0,0,0,0,0,0,0,0,0,0,0,0
000711.SZ,000711,20260325,92457000,0,0,0,0,0,,,0,0,0,0,0,44500,44100,0,0,0,0,0,0,0,0,0,8873500,19800,0,0,0,0,0,0,0,0,44100,0,0,0,0,0,0,0,0,0,8873500,0,0,0,0,0,0,0,0,0,0,0,0,0,0,0,0,0,0
000711.SZ,000711,20260325,92500000,44100,0,0,1518,0,,,9533000,42040530,44100,44100,44100,44500,44200,44300,44400,44500,44600,44700,44800,44900,45000,45100,32500,83600,194900,270900,34600,7600,30800,55500,132400,26100,44100,44000,43900,43800,43700,43600,43500,43400,43300,43200,158400,810800,118400,95500,49300,60100,512400,136300,57900,86100,46500,42500,20576300,21456400,0,0,0,0,0
000711.SZ,000711,20260325,93000000,44100,0,0,1794,0,,,10783700,47572843,44500,44000,44100,44500,44100,44300,44400,44500,44600,44700,44800,44900,45000,45100,300,13600,138400,430300,54000,16600,29200,73900,444800,30400,44000,43900,43800,43700,43600,43500,43400,43300,43200,43100,834100,111000,126500,38400,105700,500100,175800,50900,92700,588900,46500,42500,22632100,20980800,0,0,0,0,0
000711.SZ,000711,20260325,93003000,44600,0,0,2252,0,,,12803800,56532123,44600,44000,44100,44500,44600,44700,44800,44900,45000,45100,45200,45300,45400,45500,64000,97100,63600,133900,494400,33400,13700,77700,66000,156100,44500,44400,44300,44200,44100,44000,43900,43800,43700,43600,29900,5000,6400,984200,265000,641900,117300,105100,154900,113900,46500,42600,27872500,20756100,0,0,0,0,0
000711.SZ,000711,20260325,93006000,44200,0,0,2408,0,,,13330100,58864328,44600,44000,44100,44500,44400,44500,44600,44700,44800,44900,45000,45100,45200,45300,1200,50000,55200,32400,68600,134900,507800,35600,13700,83400,44200,44100,44000,43900,43800,43700,43600,43500,43400,43300,922800,295900,644800,241500,107100,160100,208700,529600,137300,132700,46500,42600,28883200,21239200,0,0,0,0,0
000711.SZ,000711,20260325,93009000,44400,0,0,2482,0,,,13763700,60789254,44600,44000,44100,44500,44500,44600,44700,44800,44900,45000,45100,45200,45300,45400,200,59600,32500,82300,134900,505300,36100,20800,83400,80200,44400,44300,44200,44100,44000,43900,43800,43700,43600,43500,4800,2600,850800,317300,638600,247200,107100,167200,209800,535000,46500,42600,29089800,21089600,0,0,0,0,0
000711.SZ,000711,20260325,93012000,44500,0,0,2534,0,,,14113400,62345227,44600,44000,44100,44500,44500,44600,44700,44800,44900,45000,45100,45200,45300,45400,153400,95100,43700,82300,134900,515300,36100,20800,81500,80200,44400,44300,44200,44100,44000,43900,43800,43700,43600,43500,7700,66900,824400,320300,647200,247200,106900,167200,209800,534000,46500,42600,29386700,21092700,0,0,0,0,0
000711.SZ,000711,20260325,93015000,44400,0,0,2593,0,,,14262500,63007669,44600,44000,44100,44500,44400,44500,44600,44700,44800,44900,45000,45100,45200,45300,57500,305900,112900,43700,75800,286700,516800,36100,20800,81500,44300,44200,44100,44000,43900,43800,43700,43600,43500,43400,115100,833500,316100,660700,247200,106900,162300,205800,527200,137300,46500,42600,29791600,20870300,0,0,0,0,0
000711.SZ,000711,20260325,93018000,44400,0,0,2674,0,,,14554400,64301849,44600,44000,44100,44500,44400,44500,44600,44700,44800,44900,45000,45100,45200,45300,112200,226200,115300,57600,83200,286700,524600,36100,20800,81500,44300,44200,44100,44000,43900,43800,43700,43600,43500,43400,50200,775700,308500,664500,244500,106900,162300,200800,527200,137300,46500,42600,29840800,20593400,0,0,0,0,0
000711.SZ,000711,20260325,93021000,44300,0,0,2866,0,,,15366200,67892536,44600,44000,44100,44500,44300,44400,44500,44600,44700,44800,44900,45000,45100,45200,14300,356100,227000,124600,57600,87100,286700,508100,36100,20800,44200,44100,44000,43900,43800,43700,43600,43500,43400,43300,156500,307800,666300,244500,106900,162300,200800,546900,137300,124400,46500,42600,30095100,19485100,0,0,0,0,0
000711.SZ,000711,20260325,93024000,44100,0,0,3110,0,,,16537700,73063951,44600,44000,44100,44500,44100,44200,44300,44400,44500,44600,44700,44800,44900,45000,78400,160600,342900,154600,231700,71600,57600,87100,157700,509000,44000,43900,43800,43700,43600,43500,43400,43300,43200,43100,232400,244000,107400,162300,202300,546900,137300,124400,184100,388300,46500,42500,30314300,18529500,0,0,0,0,0
000711.SZ,000711,20260325,93027000,43700,0,0,3259,0,,,17283200,76338068,44600,43700,44100,44500,43800,43900,44000,44100,44200,44300,44400,44500,44600,44700,56100,398100,1075900,145900,226700,261200,132400,457500,80900,58400,43700,43600,43500,43400,43300,43200,43100,43000,42900,42800,151100,203300,441700,137300,121900,184100,381800,700700,42600,256900,46300,42500,32136000,17725600,0,0,0,0,0
000711.SZ,000711,20260325,93030000,43600,0,0,3386,0,,,17873300,78911189,44600,43500,44100,44500,43600,43700,43800,43900,44000,44100,44200,44300,44400,44500,55100,337000,56900,276200,1137800,354200,178500,205000,146400,453000,43500,43400,43300,43200,43100,43000,42900,42800,42700,42600,261100,137300,120700,184100,382900,700200,45600,256900,92300,316800,46300,42400,32573600,17163800,0,0,0,0,0
000711.SZ,000711,20260325,93033000,43200,0,0,3554,0,,,18617100,82136101,44600,43100,44100,44500,43300,43400,43500,43600,43700,43800,43900,44000,44100,44200,9100,252400,216500,75400,624400,113400,253600,834100,354200,155800,43200,43100,43000,42900,42800,42700,42600,42500,42400,42300,2800,351500,700200,45600,255000,92300,316800,1128700,2992800,10488800,46300,42400,33072800,16374500,0,0,0,0,0
000711.SZ,000711,20260325,93036000,43000,0,0,3683,0,,,19312600,85132302,44600,43000,44100,44500,43100,43200,43300,43400,43500,43600,43700,43800,43900,44000,11500,119000,75200,564200,699100,56600,290300,79000,188300,612700,43000,42900,42800,42700,42600,42500,42400,42300,0,0,474100,45600,254200,92700,315800,1128700,2987200,10471100,0,0,46200,42400,32969000,15769400,0,0,0,0,0
000711.SZ,000711,20260325,93039000,42800,0,0,3880,0,,,19905100,87679075,44600,42800,44100,44500,43000,43100,43200,43300,43400,43500,43600,43700,43800,43900,178100,28100,205900,55400,519200,403600,16400,274600,77000,200100,42800,42700,42600,42500,42400,42300,0,0,0,0,222300,82000,317200,1113000,2949300,10504100,0,0,0,0,46300,42300,32535800,15187900,0,0,0,0,0
000711.SZ,000711,20260325,93042000,42600,0,0,4077,0,,,20431400,89927072,44600,42600,44100,44500,42700,42800,42900,43000,43100,43200,43300,43400,43500,43600,53400,241700,62800,673000,36700,195900,17200,262800,262400,15300,42600,42500,42400,42300,0,0,0,0,0,0,127800,1110800,2911600,10360900,0,0,0,0,0,0,46200,42300,32550100,14511100,0,0,0,0,0
000711.SZ,000711,20260325,93045000,42500,0,0,4353,0,,,21469400,94344187,44600,42500,44100,44500,42600,42700,42800,42900,43000,43100,43200,43300,43400,43500,163600,69900,287100,63300,848600,18800,189200,29000,94700,208100,42500,42400,42300,0,0,0,0,0,0,0,398400,2908800,10622100,0,0,0,0,0,0,0,46300,42300,32163300,13929300,0,0,0,0,0
000711.SZ,000711,20260325,93048000,42500,0,0,4532,0,,,22371200,98173386,44600,42400,44100,44500,42500,42600,42700,42800,42900,43000,43100,43200,43300,43400,131900,324200,30800,180700,59700,774500,31800,156200,18800,94700,42400,42300,0,0,0,0,0,0,0,0,2660800,10729500,0,0,0,0,0,0,0,0,46300,42300,32085200,13390300,0,0,0,0,0
000711.SZ,000711,20260325,93051000,42500,0,0,4867,0,,,23972800,104985868,44600,42400,44100,44500,42600,42800,42900,43000,43100,43200,43300,43400,43500,43600,9600,25600,52000,586100,22800,125000,15200,94700,117100,100,42500,42400,42300,0,0,0,0,0,0,0,21800,2296200,10828600,0,0,0,0,0,0,0,46400,42300,31117800,13146600,0,0,0,0,0
000711.SZ,000711,20260325,93054000,42500,0,0,5350,0,,,26229300,114562982,44600,42400,44100,44500,42900,43000,43100,43200,43300,43400,43500,43600,43700,43800,47700,486200,15600,117500,15200,93800,79400,100,25300,65200,42800,42500,42400,42300,0,0,0,0,0,0,6800,25600,820300,10996700,0,0,0,0,0,0,46400,42300,30821800,11849400,0,0,0,0,0
000711.SZ,000711,20260325,93057000,42900,0,0,5499,0,,,26692400,116539888,44600,42400,44100,44500,43000,43100,43200,43300,43400,43500,43600,43700,43800,43900,292100,15600,116200,14000,5500,75400,100,24900,68200,140000,42900,42800,42600,42500,42400,42300,0,0,0,0,200,15700,5800,235800,891000,11079100,0,0,0,0,46400,42300,31326900,12227600,0,0,0,0,0
000711.SZ,000711,20260325,93100000,43000,0,0,5600,0,,,26963900,117702131,44600,42400,44100,44500,43000,43100,43200,43300,43400,43500,43600,43700,43800,43900,200200,15600,39400,14000,5500,75400,100,24900,68200,25000,42900,42800,42600,42500,42400,42300,0,0,0,0,87100,43200,77600,498100,1450800,10901300,0,0,0,0,46400,42300,31082800,13058100,0,0,0,0,0
000711.SZ,000711,20260325,93103000,43100,0,0,5696,0,,,27395100,119554688,44600,42400,44100,44500,43200,43300,43400,43500,43600,43700,43800,43900,44000,44100,27600,14000,5500,75400,100,25300,68200,21900,20600,85000,43100,43000,42900,42800,42700,42600,42500,42400,42300,0,2700,180200,13900,38900,1000,161700,724700,1475600,11017500,0,46500,42300,30883500,13616200,0,0,0,0,0
000711.SZ,000711,20260325,93106000,43500,0,0,5807,0,,,27802100,121310985,44600,42400,44100,44500,43500,43600,43700,43800,43900,44000,44100,44200,44300,44400,4800,600,25200,68200,21900,20600,82300,98200,81800,16800,43200,43000,42900,42800,42700,42600,42500,42400,42300,0,57800,95600,40900,45300,1000,176900,739400,1432500,11013500,0,46500,42300,30998100,13602900,0,0,0,0,0
000711.SZ,000711,20260325,93109000,43200,0,0,5842,0,,,27873200,121618633,44600,42400,44100,44500,43600,43700,43800,43900,44000,44100,44200,44300,44400,44500,45900,22800,68200,22200,28400,82300,23300,40400,16800,376600,43500,43200,43100,43000,42900,42800,42700,42600,42500,42400,3000,74100,29100,191900,41500,45300,1000,167000,723200,1449200,46500,42300,31048200,13746400,0,0,0,0,0
000711.SZ,000711,20260325,93112000,43500,0,0,5920,0,,,28076000,122499184,44600,42400,44100,44500,43500,43600,43700,43800,43900,44000,44100,44200,44300,44400,29900,40700,21900,68300,22300,31400,82300,23300,49900,16800,43200,43100,43000,42900,42800,42700,42600,42500,42400,42300,120800,31200,224000,26500,45500,20500,150500,631800,1474800,10976600,46500,42300,31209300,13702200,0,0,0,0,0
000711.SZ,000711,20260325,93115000,43500,0,0,6063,0,,,28444300,124095232,44600,42400,44100,44500,43500,43600,43700,43800,43900,44000,44100,44200,44300,44400,278680,31300,2100,68300,29600,199000,84700,23300,34800,24800,43200,43000,42900,42800,42700,42600,42500,42400,42300,0,1000,254600,31400,45500,40500,212500,751000,1493200,11225600,0,46400,42300,31713880,14055300,0,0,0,0,0
000711.SZ,000711,20260325,93118000,43000,0,0,6201,0,,,29136200,127090132,44600,42400,44100,44500,43200,43300,43400,43500,43600,43700,43800,43900,44000,44100,4400,5900,151100,182780,37600,7300,68300,33900,198000,84700,43000,42900,42800,42700,42600,42500,42400,42300,0,0,93200,30500,41700,40500,219700,767300,1525300,11304900,0,0,46400,42300,31854080,14023100,0,0,0,0,0
000711.SZ,000711,20260325,93121000,43000,0,0,6313,0,,,29545600,128860882,44600,42400,44100,44500,43000,43200,43300,43400,43500,43600,43700,43800,43900,44000,188900,2200,32900,143600,203980,37600,7700,68800,45700,208200,42900,42800,42700,42600,42500,42400,42300,0,0,0,34700,41700,40500,237000,939100,1545900,11343800,0,0,0,46400,42300,32186380,14182700,0,0,0,0,0
000711.SZ,000711,20260325,93124000,42700,0,0,6406,0,,,30050100,131022560,44600,42400,44100,44500,42700,42800,42900,43000,43100,43200,43300,43400,43500,43600,90900,4500,76300,203000,500,19400,80700,165400,218380,35700,42600,42500,42400,42300,0,0,0,0,0,0,157600,969100,1577200,11452500,0,0,0,0,0,0,46400,42300,32237180,14156400,0,0,0,0,0
000711.SZ,000711,20260325,93127000,42900,0,0,6474,0,,,30399800,132520103,44600,42400,44100,44500,42900,43000,43100,43200,43300,43400,43500,43600,43700,43800,3500,298700,500,22500,82100,162200,241080,35700,7100,65300,42800,42700,42600,42500,42400,42300,0,0,0,0,42400,900,156900,995500,1574300,11585300,0,0,0,0,46400,42300,32119180,14355300,0,0,0,0,0
000711.SZ,000711,20260325,93130000,43000,0,0,6564,0,,,30802500,134243378,44600,42400,44100,44500,43000,43100,43200,43300,43400,43500,43600,43700,43800,43900,263800,500,31000,96800,125200,253280,35700,7100,65300,41400,42600,42500,42400,42300,0,0,0,0,0,0,132100,1050200,1696100,11704400,0,0,0,0,0,0,46400,42300,31918080,14582800,0,0,0,0,0
000711.SZ,000711,20260325,93133000,42800,0,0,6623,0,,,30994400,135062827,44600,42400,44100,44500,42800,42900,43000,43100,43200,43300,43400,43500,43600,43700,53900,71000,224100,500,35500,103100,128700,248680,36100,7400,42700,42600,42500,42400,42300,0,0,0,0,0,6200,85200,1075500,1692600,11761400,0,0,0,0,0,46400,42300,32080480,14620900,0,0,0,0,0
000711.SZ,000711,20260325,93136000,42800,0,0,6775,0,,,31390900,136752662,44600,42400,44100,44500,42800,42900,43000,43100,43200,43300,43400,43500,43600,43700,247500,148100,444000,500,33300,107400,125200,263980,36100,7400,42500,42400,42300,0,0,0,0,0,0,0,962000,1784200,11780900,0,0,0,0,0,0,0,46300,42300,32605480,14527100,0,0,0,0,0
000711.SZ,000711,20260325,93139000,42700,0,0,6835,0,,,31584200,137577014,44600,42400,44100,44500,42700,42800,42900,43000,43100,43200,43300,43400,43500,43600,28800,313100,141700,422100,54000,33300,58000,17800,267780,82600,42600,42500,42400,42300,0,0,0,0,0,0,38700,978500,1831500,11886400,0,0,0,0,0,0,46300,42300,32790080,14735100,0,0,0,0,0
000711.SZ,000711,20260325,93142000,42600,0,0,6985,0,,,32172300,140079909,44600,42400,44100,44500,42600,42800,42900,43000,43100,43200,43300,43400,43500,43600,30400,297400,141600,435000,75900,33800,58000,17800,311880,82600,42500,42400,42300,0,0,0,0,0,0,0,613500,1902600,12073600,0,0,0,0,0,0,0,46300,42300,33000780,14589700,0,0,0,0,0
000711.SZ,000711,20260325,93145000,42500,0,0,7125,0,,,32710500,142369105,44600,42400,44100,44500,42600,42700,42800,42900,43000,43100,43200,43300,43400,43500,6300,47700,232000,159600,479200,79600,55600,45500,17800,311580,42500,42400,42300,0,0,0,0,0,0,0,307200,1998300,12166200,0,0,0,0,0,0,0,46300,42300,33029380,14471700,0,0,0,0,0
000711.SZ,000711,20260325,93148000,42500,0,0,7341,0,,,33496900,145711513,44600,42400,44100,44500,42500,42600,42700,42800,42900,43000,43100,43200,43300,43400,131100,32200,57800,192200,152200,458800,79100,63000,45500,17800,42400,42300,0,0,0,0,0,0,0,0,2084600,12278300,0,0,0,0,0,0,0,0,46300,42300,33216180,14362900,0,0,0,0,0
000711.SZ,000711,20260325,93151000,42500,0,0,7570,0,,,34227100,148809463,44600,42400,44100,44500,42500,42600,42700,42800,42900,43000,43100,43200,43300,43400,183000,55500,34100,173900,133000,438500,79100,51800,41200,17800,42400,42300,0,0,0,0,0,0,0,0,1592100,12354400,0,0,0,0,0,0,0,0,46300,42300,33445080,13946500,0,0,0,0,0
000711.SZ,000711,20260325,93154000,42500,0,0,7779,0,,,35238000,153100192,44600,42400,44100,44500,42600,42700,42800,42900,43000,43100,43200,43300,43400,43500,2400,43800,173900,76800,399700,75400,53100,41200,17800,199880,42500,42400,42300,0,0,0,0,0,0,0,8400,1026500,12509800,0,0,0,0,0,0,0,46300,42300,33029080,13544700,0,0,0,0,0
000711.SZ,000711,20260325,93157000,42500,0,0,8031,0,,,36059200,156585635,44600,42400,44100,44500,42500,42600,42700,42800,42900,43000,43100,43200,43300,43400,27800,5900,9200,173900,69600,398000,76400,48800,41200,18000,42400,42300,0,0,0,0,0,0,0,0,599100,12658600,0,0,0,0,0,0,0,0,46300,42300,33039680,13257700,0,0,0,0,0
000711.SZ,000711,20260325,93200000,42500,0,0,8218,0,,,36734600,159451693,44600,42400,44100,44500,42500,42600,42800,42900,43000,43100,43200,43300,43400,43500,126300,75100,163600,75000,398000,76400,48800,35900,13500,198380,42400,42300,0,0,0,0,0,0,0,0,277400,12779700,0,0,0,0,0,0,0,0,46300,42300,33273780,13057100,0,0,0,0,0
000711.SZ,000711,20260325,93203000,42400,0,0,8384,0,,,37332100,161987116,44600,42400,44100,44500,42500,42600,42700,42800,42900,43000,43100,43200,43300,43400,118200,100500,1000,162100,70800,397200,76400,50700,35900,23500,42400,42300,0,0,0,0,0,0,0,0,78900,12784100,0,0,0,0,0,0,0,0,46300,42300,33328280,12863000,0,0,0,0,0
000711.SZ,000711,20260325,93206000,42400,0,0,8532,0,,,37840600,164142870,44600,42300,44100,44500,42400,42500,42600,42700,42800,42900,43000,43100,43200,43300,224600,208600,98500,10200,41900,82400,398400,76400,48700,35900,42300,0,0,0,0,0,0,0,0,0,12747600,0,0,0,0,0,0,0,0,0,46300,42300,33337280,12747600,0,0,0,0,0
000711.SZ,000711,20260325,93209000,42400,0,0,8749,0,,,38721000,167871096,44600,42300,44100,44500,42400,42500,42600,42700,42800,42900,43000,43100,43200,43300,220800,209400,118500,10200,41900,82400,400300,76400,48700,35700,42300,0,0,0,0,0,0,0,0,0,12296000,0,0,0,0,0,0,0,0,0,46300,42300,33450180,12296000,0,0,0,0,0
000711.SZ,000711,20260325,93212000,42300,0,0,8994,0,,,39745600,172207275,44600,42300,44100,44500,42400,42500,42600,42700,42800,42900,43000,43100,43200,43300,358000,260300,118700,9200,41800,83400,404300,76400,48700,35700,42300,0,0,0,0,0,0,0,0,0,11325500,0,0,0,0,0,0,0,0,0,46300,42300,33865380,11325500,0,0,0,0,0
000711.SZ,000711,20260325,93215000,42300,0,0,9286,0,,,40738900,176411187,44600,42300,44100,44500,42400,42500,42600,42800,42900,43000,43100,43200,43300,43400,369500,260800,53500,41800,83400,410700,76400,48700,30700,24600,42300,0,0,0,0,0,0,0,0,0,10746700,0,0,0,0,0,0,0,0,0,46300,42300,33624480,10746700,0,0,0,0,0
000711.SZ,000711,20260325,93218000,42500,0,0,9621,0,,,41872000,181209819,44600,42300,44100,44500,42500,42600,42800,42900,43000,43100,43200,43300,43400,43500,267300,104900,40300,87800,375000,76400,48700,30700,24600,117980,42400,42300,0,0,0,0,0,0,0,0,16000,10419100,0,0,0,0,0,0,0,0,46300,42300,33285680,10435100,0,0,0,0,0
000711.SZ,000711,20260325,93221000,42400,0,0,9764,0,,,42266800,182882203,44600,42300,44100,44500,42500,42600,42800,42900,43000,43100,43200,43300,43400,43500,257300,105500,40300,87800,368800,76400,48700,35300,24600,112380,42400,42300,0,0,0,0,0,0,0,0,73000,10418800,0,0,0,0,0,0,0,0,46300,42300,33277880,10491800,0,0,0,0,0
000711.SZ,000711,20260325,93224000,42500,0,0,9934,0,,,43299900,187262345,44600,42300,44100,44500,42500,42600,42800,42900,43000,43100,43200,43300,43400,43500,47500,92700,40300,85800,371800,76400,48700,35300,24600,112380,42400,42300,0,0,0,0,0,0,0,0,230300,10807700,0,0,0,0,0,0,0,0,46300,42300,33131780,11038000,0,0,0,0,0
000711.SZ,000711,20260325,93227000,42500,0,0,10120,0,,,44213300,191135959,44600,42300,44100,44500,42600,42800,42900,43000,43100,43200,43300,43400,43500,43600,89600,40300,89800,373300,76700,22200,65500,24600,112380,115200,42500,42400,42300,0,0,0,0,0,0,0,16600,177200,10712100,0,0,0,0,0,0,0,46300,42300,33043480,10905900,0,0,0,0,0
000711.SZ,000711,20260325,93230000,42600,0,0,10260,0,,,44831800,193760949,44600,42300,44100,44500,42800,42900,43000,43100,43200,43300,43400,43500,43600,43700,49300,89800,342400,76700,22200,65500,27300,114880,115200,7400,42600,42500,42400,42300,0,0,0,0,0,0,120100,31900,83900,10826500,0,0,0,0,0,0,46300,42300,32998180,11062400,0,0,0,0,0
000711.SZ,000711,20260325,93233000,42500,0,0,10366,0,,,45134900,195052326,44600,42300,44100,44500,42600,42800,42900,43000,43100,43200,43300,43400,43500,43600,10000,28000,79900,342400,76700,22200,65500,28800,114880,117700,42500,42400,42300,0,0,0,0,0,0,0,25400,306400,10823000,0,0,0,0,0,0,0,46300,42300,32877380,11154800,0,0,0,0,0
000711.SZ,000711,20260325,93236000,42500,0,0,10430,0,,,45225700,195438549,44600,42300,44100,44500,42500,42600,42800,42900,43000,43100,43200,43300,43400,43500,21200,66900,25800,89500,338700,76700,22200,65500,28800,114880,42400,42300,0,0,0,0,0,0,0,0,529600,10931200,0,0,0,0,0,0,0,0,46300,42300,32948880,11460800,0,0,0,0,0
000711.SZ,000711,20260325,93239000,42500,0,0,10477,0,,,45347200,195955100,44600,42300,44100,44500,42600,42700,42800,42900,43000,43100,43200,43300,43400,43500,61700,10000,25800,118200,338700,76700,20400,65500,28800,117980,42500,42400,42300,0,0,0,0,0,0,0,78300,644500,11122300,0,0,0,0,0,0,0,46300,42300,33054080,11845100,0,0,0,0,0
000711.SZ,000711,20260325,93242000,42500,0,0,10559,0,,,45775800,197779916,44600,42300,44100,44500,42800,42900,43000,43100,43200,43300,43400,43500,43600,43700,9500,123500,338900,77400,20400,65500,28800,122480,71200,7400,42500,42400,42300,0,0,0,0,0,0,0,65000,868900,11312600,0,0,0,0,0,0,0,46400,42300,33050980,12246500,0,0,0,0,0
000711.SZ,000711,20260325,93245000,42400,0,0,10637,0,,,45979200,198644767,44600,42300,44100,44500,42500,42800,42900,43000,43100,43200,43300,43400,43500,43600,127300,171600,129500,338900,77400,20400,65700,30600,130980,71700,42400,42300,0,0,0,0,0,0,0,0,943700,11211900,0,0,0,0,0,0,0,0,46300,42300,33437480,12155600,0,0,0,0,0
000711.SZ,000711,20260325,93248000,42400,0,0,10676,0,,,46053100,198958500,44600,42300,44100,44500,42500,42600,42700,42800,42900,43000,43100,43200,43300,43400,163300,32600,10500,171400,132500,338900,77400,26600,65600,30600,42400,42300,0,0,0,0,0,0,0,0,951200,11357800,0,0,0,0,0,0,0,0,46300,42300,33543480,12309000,0,0,0,0,0
000711.SZ,000711,20260325,93251000,42500,0,0,10775,0,,,46448100,200633840,44600,42300,44100,44500,42500,42600,42700,42800,42900,43000,43100,43200,43300,43400,264000,62500,10500,171600,129500,335600,77400,20400,65600,30600,42400,42300,0,0,0,0,0,0,0,0,746200,11411300,0,0,0,0,0,0,0,0,46300,42300,33704180,12157500,0,0,0,0,0
000711.SZ,000711,20260325,93254000,42500,0,0,10900,0,,,46819400,202210249,44600,42300,44100,44500,42500,42600,42700,42800,42900,43000,43100,43200,43300,43400,213500,87300,11000,172400,132300,335600,77400,20400,65600,30600,42400,42300,0,0,0,0,0,0,0,0,772000,11598900,0,0,0,0,0,0,0,0,46300,42300,33704880,12370900,0,0,0,0,0
000711.SZ,000711,20260325,93257000,42400,0,0,11033,0,,,47378100,204580910,44600,42300,44100,44500,42500,42600,42700,42800,42900,43000,43100,43200,43300,43400,387100,102700,11000,170700,156300,382200,80700,20400,65600,30600,42400,42300,0,0,0,0,0,0,0,0,462000,11711700,0,0,0,0,0,0,0,0,46300,42300,34005380,12173700,0,0,0,0,0
000711.SZ,000711,20260325,93300000,42400,0,0,11125,0,,,47594400,205498422,44600,42300,44100,44500,42500,42600,42700,42800,42900,43000,43100,43200,43300,43400,422900,102700,11800,176900,152400,382200,82700,20400,65600,30600,42400,42300,0,0,0,0,0,0,0,0,436100,11748700,0,0,0,0,0,0,0,0,46300,42300,34099680,12184800,0,0,0,0,0
000711.SZ,000711,20260325,93303000,42400,0,0,11199,0,,,47940800,206969490,44600,42300,44100,44500,42500,42600,42700,42800,42900,43000,43100,43200,43300,43400,450200,102100,11800,176900,146400,380400,82700,30400,65600,30600,42400,42300,0,0,0,0,0,0,0,0,472400,11710900,0,0,0,0,0,0,0,0,46300,42300,34132080,12183300,0,0,0,0,0
000711.SZ,000711,20260325,93306000,42400,0,0,11288,0,,,48126000,207754915,44600,42300,44100,44500,42500,42600,42700,42800,42900,43000,43100,43200,43300,43400,440400,102100,11800,178200,146400,383100,82700,30400,65600,30600,42400,42300,0,0,0,0,0,0,0,0,410100,11694600,0,0,0,0,0,0,0,0,46300,42300,34093980,12104700,0,0,0,0,0
000711.SZ,000711,20260325,93309000,42500,0,0,11446,0,,,48610000,209807577,44600,42300,44100,44500,42500,42600,42700,42800,42900,43000,43100,43200,43300,43400,562400,108300,12000,178000,146400,383400,82700,30400,65600,30600,42400,42300,0,0,0,0,0,0,0,0,172500,11866000,0,0,0,0,0,0,0,0,46200,42300,34248800,12038500,0,0,0,0,0
000711.SZ,000711,20260325,93312000,42400,0,0,11581,0,,,49134000,212030247,44600,42300,44100,44500,42500,42600,42700,42800,42900,43000,43100,43200,43300,43400,570100,108300,19000,177900,152800,381400,82700,30400,65600,30600,42400,42300,0,0,0,0,0,0,0,0,12500,11914500,0,0,0,0,0,0,0,0,46200,42300,34326800,11927000,0,0,0,0,0
000711.SZ,000711,20260325,93315000,42300,0,0,11649,0,,,49322200,212828078,44600,42300,44100,44500,42400,42500,42600,42700,42800,42900,43000,43100,43200,43300,102800,579600,108300,20200,177900,148500,381400,82700,30400,65600,42300,0,0,0,0,0,0,0,0,0,11950000,0,0,0,0,0,0,0,0,0,46200,42300,34596100,11950000,0,0,0,0,0
000711.SZ,000711,20260325,93318000,42400,0,0,11749,0,,,49900500,215282112,44600,42300,44100,44500,42400,42500,42600,42700,42800,42900,43000,43100,43200,43300,33700,361200,108300,12700,177700,172900,381400,81700,30400,65600,42300,0,0,0,0,0,0,0,0,0,12026700,0,0,0,0,0,0,0,0,0,46200,42300,34281500,12026700,0,0,0,0,0
000711.SZ,000711,20260325,93321000,42300,0,0,11856,0,,,50222700,216646534,44600,42300,44100,44500,42400,42500,42600,42700,42800,42900,43000,43100,43200,43300,3000,359600,108300,15700,172900,172000,379200,81700,30400,65600,42300,0,0,0,0,0,0,0,0,0,11974800,0,0,0,0,0,0,0,0,0,46300,42300,34091800,11974800,0,0,0,0,0
000711.SZ,000711,20260325,93324000,42300,0,0,11989,0,,,50678300,218576321,44600,42300,44100,44500,42500,42600,42700,42800,42900,43000,43100,43200,43300,43400,349900,109100,33800,166700,172000,134300,81700,30400,65600,26800,42300,0,0,0,0,0,0,0,0,0,11894900,0,0,0,0,0,0,0,0,0,46300,42300,34055200,11894900,0,0,0,0,0
000711.SZ,000711,20260325,93327000,42400,0,0,12154,0,,,51110300,220404778,44600,42300,44100,44500,42400,42500,42600,42700,42800,42900,43000,43100,43200,43300,7800,506100,108300,33800,166700,171000,145200,81700,30400,65600,42300,0,0,0,0,0,0,0,0,0,11657500,0,0,0,0,0,0,0,0,0,46200,42300,34487800,11657500,0,0,0,0,0
000711.SZ,000711,20260325,93330000,42300,0,0,12297,0,,,51613600,222534524,44600,42300,44100,44500,42400,42500,42600,42700,42800,42900,43000,43100,43200,43300,122000,503600,109900,32600,166700,171000,145200,81700,30400,65600,42300,0,0,0,0,0,0,0,0,0,11293300,0,0,0,0,0,0,0,0,0,46200,42300,34663200,11293300,0,0,0,0,0
000711.SZ,000711,20260325,93333000,42300,0,0,12420,0,,,52066800,224452667,44600,42300,44100,44500,42400,42500,42600,42700,42800,42900,43000,43100,43200,43300,111600,507400,109900,32600,166700,171000,108600,81700,30400,65600,42300,0,0,0,0,0,0,0,0,0,11117700,0,0,0,0,0,0,0,0,0,46200,42300,34760200,11117700,0,0,0,0,0
000711.SZ,000711,20260325,93336000,42500,0,0,12510,0,,,52415000,225926921,44600,42300,44100,44500,42500,42600,42700,42800,42900,43000,43100,43200,43300,43400,554300,110700,32600,166700,171000,109100,81700,30400,65600,32600,42400,42300,0,0,0,0,0,0,0,0,2500,11064600,0,0,0,0,0,0,0,0,46200,42300,34838000,11067100,0,0,0,0,0
000711.SZ,000711,20260325,93339000,42400,0,0,12591,0,,,52711000,227180191,44600,42300,44100,44500,42500,42600,42700,42800,42900,43000,43100,43200,43300,43400,556200,110700,32600,166700,166000,132100,81700,23200,65600,32600,42400,42300,0,0,0,0,0,0,0,0,26500,11069700,0,0,0,0,0,0,0,0,46200,42300,34779500,11096200,0,0,0,0,0
000711.SZ,000711,20260325,93342000,42400,0,0,12707,0,,,53033700,228545972,44600,42300,44100,44500,42500,42600,42700,42800,42900,43000,43100,43200,43300,43400,565000,110700,32600,166800,166000,132100,81700,19500,65600,32600,42400,42300,0,0,0,0,0,0,0,0,41200,10900100,0,0,0,0,0,0,0,0,46200,42300,34819500,10941300,0,0,0,0,0
000711.SZ,000711,20260325,93345000,42400,0,0,12776,0,,,53337900,229836615,44600,42300,44100,44500,42500,42600,42700,42800,42900,43000,43100,43200,43300,43400,489600,111100,32600,166800,166000,131600,81700,19500,65600,32600,42400,42300,0,0,0,0,0,0,0,0,288300,11017400,0,0,0,0,0,0,0,0,46200,42300,34788100,11305700,0,0,0,0,0
000711.SZ,000711,20260325,93348000,42400,0,0,12841,0,,,53778300,231706405,44600,42300,44100,44500,42500,42600,42700,42800,42900,43000,43100,43200,43300,43400,244600,111100,33500,171800,142400,131600,81700,19500,65600,32600,42400,42300,0,0,0,0,0,0,0,0,190400,11095000,0,0,0,0,0,0,0,0,46300,42300,34527800,11285400,0,0,0,0,0
000711.SZ,000711,20260325,93351000,42400,0,0,12928,0,,,54090800,233032158,44600,42300,44100,44500,42500,42600,42700,42800,42900,43000,43100,43200,43300,43400,208600,115500,33500,171800,142400,131600,81700,19500,65600,42600,42400,42300,0,0,0,0,0,0,0,0,206700,11134400,0,0,0,0,0,0,0,0,46300,42300,34533700,11341100,0,0,0,0,0
000711.SZ,000711,20260325,93354000,42400,0,0,12991,0,,,54323100,234017470,44600,42300,44100,44500,42500,42600,42700,42800,42900,43000,43100,43200,43300,43400,170600,117500,33500,138900,142400,131700,106300,19500,65600,42600,42400,42300,0,0,0,0,0,0,0,0,84500,11110000,0,0,0,0,0,0,0,0,46300,42300,34480700,11194500,0,0,0,0,0
000711.SZ,000711,20260325,93357000,42400,0,0,13077,0,,,54551700,234986416,44600,42300,44100,44500,42400,42500,42600,42700,42800,42900,43000,43100,43200,43300,72500,180880,118400,33500,138900,142400,131700,106300,19500,65600,42300,0,0,0,0,0,0,0,0,0,11109900,0,0,0,0,0,0,0,0,0,46300,42300,34657280,11109900,0,0,0,0,0
000711.SZ,000711,20260325,93400000,42400,0,0,13219,0,,,55088200,237260436,44600,42300,44100,44500,42400,42500,42600,42700,42800,42900,43000,43100,43200,43300,79300,41980,118400,33500,138900,142400,132400,106300,19500,65600,42300,0,0,0,0,0,0,0,0,0,11081600,0,0,0,0,0,0,0,0,0,46300,42300,34636480,11081600,0,0,0,0,0
000711.SZ,000711,20260325,93403000,42500,0,0,13311,0,,,55559700,239258645,44600,42300,44100,44500,42500,42600,42700,42800,42900,43000,43100,43200,43300,43400,52580,94600,33500,138900,142400,132400,106300,19500,65600,42600,42400,42300,0,0,0,0,0,0,0,0,4100,10904400,0,0,0,0,0,0,0,0,46300,42300,34670780,10908500,0,0,0,0,0
000711.SZ,000711,20260325,93406000,42400,0,0,13351,0,,,55670600,239728478,44600,42300,44100,44500,42500,42600,42700,42800,42900,43000,43100,43200,43300,43400,82480,94600,33500,138900,142400,132400,106300,19500,65600,42600,42400,42300,0,0,0,0,0,0,0,0,79500,11042100,0,0,0,0,0,0,0,0,46300,42300,34727080,11121600,0,0,0,0,0
000711.SZ,000711,20260325,93409000,42400,0,0,13426,0,,,56113100,241602262,44600,42300,44100,44500,42500,42600,42700,42800,42900,43000,43100,43200,43300,43400,163100,94600,17400,138900,142400,133100,106300,19500,61600,43300,42400,42300,0,0,0,0,0,0,0,0,42000,10838900,0,0,0,0,0,0,0,0,46300,42300,34672000,10880900,0,0,0,0,0
000711.SZ,000711,20260325,93412000,42500,0,0,13482,0,,,56320100,242481129,44600,42300,44100,44500,42500,42600,42700,42800,42900,43000,43100,43200,43300,43400,137900,91400,17400,138900,142400,133100,106300,19500,61600,43300,42400,42300,0,0,0,0,0,0,0,0,162200,10824000,0,0,0,0,0,0,0,0,46300,42300,34649500,10986200,0,0,0,0,0
000711.SZ,000711,20260325,93415000,42400,0,0,13565,0,,,56636500,243823128,44600,42300,44100,44500,42500,42600,42700,42800,42900,43000,43100,43200,43300,43400,101300,91400,24900,139300,142400,133100,106300,19500,61600,43300,42400,42300,0,0,0,0,0,0,0,0,33400,10640500,0,0,0,0,0,0,0,0,46300,42300,34520900,10673900,0,0,0,0,0
000711.SZ,000711,20260325,93418000,42500,0,0,13626,0,,,56789400,244471625,44600,42300,44100,44500,42400,42500,42600,42700,42800,42900,43000,43100,43200,43300,3000,168200,60500,24900,139300,142400,134300,106300,19500,63600,42300,0,0,0,0,0,0,0,0,0,10697200,0,0,0,0,0,0,0,0,0,46300,42300,34513000,10697200,0,0,0,0,0
000711.SZ,000711,20260325,93421000,42400,0,0,13692,0,,,57017100,245436550,44600,42300,44100,44500,42400,42500,42600,42700,42800,42900,43000,43100,43200,43300,23200,166600,60100,24900,139300,142400,137200,87600,19500,63600,42300,0,0,0,0,0,0,0,0,0,10655800,0,0,0,0,0,0,0,0,0,46300,42300,34402200,10655800,0,0,0,0,0
000711.SZ,000711,20260325,93424000,42500,0,0,13751,0,,,57277000,246538944,44600,42300,44100,44500,42500,42600,42700,42800,42900,43000,43100,43200,43300,43400,124300,60100,24900,139300,142400,137200,87600,19500,63600,43300,42400,42300,0,0,0,0,0,0,0,0,46000,10700000,0,0,0,0,0,0,0,0,46300,42300,34405000,10746000,0,0,0,0,0
000711.SZ,000711,20260325,93427000,42400,0,0,13795,0,,,57490000,247441879,44600,42300,44100,44500,42500,42600,42700,42800,42900,43000,43100,43200,43300,43400,128500,60100,59000,136500,142400,123700,87600,19500,63600,43300,42400,42300,0,0,0,0,0,0,0,0,13300,10760100,0,0,0,0,0,0,0,0,46300,42300,34562900,10773400,0,0,0,0,0
000711.SZ,000711,20260325,93430000,42500,0,0,13839,0,,,57593800,247882765,44600,42300,44100,44500,42500,42600,42700,42800,42900,43000,43100,43200,43300,43400,103200,60100,59100,136500,144600,123700,87600,19500,63600,43300,42400,42300,0,0,0,0,0,0,0,0,152000,10743200,0,0,0,0,0,0,0,0,46300,42300,34598100,10895200,0,0,0,0,0
000711.SZ,000711,20260325,93433000,42400,0,0,13900,0,,,57744500,248522050,44600,42300,44100,44500,42500,42600,42700,42800,42900,43000,43100,43200,43300,43400,229300,60100,59100,136500,145000,123700,87600,19500,63600,43300,42400,42300,0,0,0,0,0,0,0,0,204900,10806400,0,0,0,0,0,0,0,0,46200,42300,34776400,11011300,0,0,0,0,0
000711.SZ,000711,20260325,93436000,42500,0,0,13950,0,,,57861200,249017466,44600,42300,44100,44500,42500,42600,42700,42800,42900,43000,43100,43200,43300,43400,170500,60100,59600,136500,145000,123400,85600,19500,63600,43300,42400,42300,0,0,0,0,0,0,0,0,231100,10802800,0,0,0,0,0,0,0,0,46300,42300,34754700,11033900,0,0,0,0,0
000711.SZ,000711,20260325,93439000,42400,0,0,14002,0,,,57950800,249397569,44600,42300,44100,44500,42500,42600,42700,42800,42900,43000,43100,43200,43300,43400,190500,58300,59600,136500,145000,125100,91200,18200,63600,43300,42400,42300,0,0,0,0,0,0,0,0,361100,10699300,0,0,0,0,0,0,0,0,46200,42300,34754100,11060400,0,0,0,0,0
000711.SZ,000711,20260325,93442000,42500,0,0,14028,0,,,58052700,249830129,44600,42300,44100,44500,42500,42600,42700,42800,42900,43000,43100,43200,43300,43400,189400,58300,59600,136500,145000,154500,91200,18200,63600,43300,42400,42300,0,0,0,0,0,0,0,0,363200,10700100,0,0,0,0,0,0,0,0,46200,42300,35031700,11063300,0,0,0,0,0
000711.SZ,000711,20260325,93445000,42500,0,0,14073,0,,,58132000,250166715,44600,42300,44100,44500,42500,42600,42700,42800,42900,43000,43100,43200,43300,43400,176380,58800,59600,136500,145000,154500,91200,18200,63600,43300,42400,42300,0,0,0,0,0,0,0,0,489700,10730400,0,0,0,0,0,0,0,0,46200,42300,35087080,11220100,0,0,0,0,0
000711.SZ,000711,20260325,93448000,42500,0,0,14142,0,,,58316600,250950919,44600,42300,44100,44500,42500,42600,42700,42800,42900,43000,43100,43200,43300,43400,166300,58600,60900,136500,149300,154500,91200,18200,63600,43300,42400,42300,0,0,0,0,0,0,0,0,667600,10671000,0,0,0,0,0,0,0,0,46200,42300,35167800,11338600,0,0,0,0,0
000711.SZ,000711,20260325,93451000,42400,0,0,14233,0,,,58653100,252378792,44600,42300,44100,44500,42500,42600,42700,42800,42900,43000,43100,43200,43300,43400,61000,84300,62200,136500,149300,126500,91200,18200,63600,43300,42400,42300,0,0,0,0,0,0,0,0,481200,10553100,0,0,0,0,0,0,0,0,46200,42300,34943700,11034300,0,0,0,0,0
000711.SZ,000711,20260325,93454000,42500,0,0,14286,0,,,59087200,254223615,44600,42300,44100,44500,42500,42600,42700,42800,42900,43000,43100,43200,43300,43400,35200,85600,62200,137800,149300,126500,91200,18200,63600,43300,42400,42300,0,0,0,0,0,0,0,0,507300,10561700,0,0,0,0,0,0,0,0,46200,42300,34995500,11069000,0,0,0,0,0
000711.SZ,000711,20260325,93457000,42500,0,0,14311,0,,,59178380,254611009,44600,42300,44100,44500,42600,42700,42800,42900,43000,43100,43200,43300,43400,43500,85600,62200,141300,152300,126500,91200,18200,63600,43300,87900,42500,42400,42300,0,0,0,0,0,0,0,56520,512200,10581900,0,0,0,0,0,0,0,46200,42300,34937100,11150620,0,0,0,0,0
000711.SZ,000711,20260325,93500000,42500,0,0,14331,0,,,59235580,254854155,44600,42300,44100,44500,42600,42700,42800,42900,43000,43100,43200,43300,43400,43500,81000,63000,144600,152300,127000,90500,16200,63600,43300,84500,42500,42400,42300,0,0,0,0,0,0,0,171920,597600,10786000,0,0,0,0,0,0,0,46200,42300,35080400,11555520,0,0,0,0,0
000711.SZ,000711,20260325,93503000,42600,0,0,14377,0,,,59444180,255740867,44600,42300,44100,44500,42600,42700,42800,42900,43000,43100,43200,43300,43400,43500,64800,63000,144600,152300,124000,90500,16200,61600,43300,84500,42500,42400,42300,0,0,0,0,0,0,0,153520,647800,10803400,0,0,0,0,0,0,0,46200,42300,35085300,11604720,0,0,0,0,0
000711.SZ,000711,20260325,93506000,42600,0,0,14418,0,,,59527680,256096394,44600,42300,44100,44500,42700,42800,42900,43000,43100,43200,43300,43400,43500,43600,65600,144600,152300,124000,90500,16200,61600,43300,84500,180600,42600,42500,42400,42300,0,0,0,0,0,0,14700,151720,683000,10779500,0,0,0,0,0,0,46300,42300,35066300,11628920,0,0,0,0,0
000711.SZ,000711,20260325,93509000,42600,0,0,14452,0,,,59707980,256863958,44600,42300,44100,44500,42600,42700,42800,42900,43000,43100,43200,43300,43400,43500,2500,66300,144600,159200,122800,90500,16200,61600,41500,84500,42500,42400,42300,0,0,0,0,0,0,0,123320,696700,10781300,0,0,0,0,0,0,0,46300,42300,35064000,11601320,0,0,0,0,0
000711.SZ,000711,20260325,93512000,42600,0,0,14490,0,,,59853680,257484618,44600,42300,44100,44500,42600,42700,42800,42900,43000,43100,43200,43300,43400,43500,45000,53100,144600,159200,120800,90500,16200,61600,44500,84500,42500,42400,42300,0,0,0,0,0,0,0,118120,651800,10743200,0,0,0,0,0,0,0,46200,42300,35119200,11513120,0,0,0,0,0
000711.SZ,000711,20260325,93515000,42700,0,0,14525,0,,,59946380,257879694,44600,42300,44100,44500,42700,42800,42900,43000,43100,43200,43300,43400,43500,43600,34900,144600,159200,121300,90500,16200,61600,44500,84500,180600,42600,42500,42400,42300,0,0,0,0,0,0,227900,176820,759700,10775400,0,0,0,0,0,0,46300,42300,35099100,11939820,0,0,0,0,0
000711.SZ,000711,20260325,93518000,42700,0,0,14541,0,,,60007180,258138831,44600,42300,44100,44500,42700,42800,42900,43000,43100,43200,43300,43400,43500,43600,27500,149600,154900,122200,90500,16200,62300,45100,84500,228800,42600,42500,42400,42300,0,0,0,0,0,0,207300,201220,785500,10768400,0,0,0,0,0,0,46300,42300,35239800,11962420,0,0,0,0,0
000711.SZ,000711,20260325,93521000,42800,0,0,14569,0,,,60230180,259092795,44600,42300,44100,44500,42900,43000,43100,43200,43300,43400,43500,43600,43700,43800,152900,122200,90500,16200,62300,47100,84500,230600,14700,97500,42800,42700,42600,42500,42400,42300,0,0,0,0,118200,76800,324100,199920,803400,10763100,0,0,0,0,46300,42300,35038000,12285520,0,0,0,0,0
000711.SZ,000711,20260325,93524000,42800,0,0,14580,0,,,60297780,259382633,44600,42300,44100,44500,42900,43000,43100,43200,43300,43400,43500,43600,43700,43800,101200,122600,90500,6200,62300,47100,84500,230600,14700,97500,42800,42700,42600,42500,42400,42300,0,0,0,0,102200,123300,344000,228120,826300,10766800,0,0,0,0,46300,42300,35276400,12390720,0,0,0,0,0
000711.SZ,000711,20260325,93527000,42800,0,0,14615,0,,,60403980,259837720,44600,42300,44100,44500,42900,43000,43100,43200,43300,43400,43500,43600,43700,43800,39700,121600,90500,6200,62300,47100,84500,230600,14700,97500,42800,42700,42600,42500,42400,42300,0,0,0,0,95800,126900,265500,238320,838500,10699200,0,0,0,0,46300,42300,35379300,12264220,0,0,0,0,0
000711.SZ,000711,20260325,93530000,42900,0,0,14666,0,,,60645180,260874392,44600,42300,44100,44500,43100,43200,43300,43400,43500,43600,43700,43800,43900,44000,46300,6200,62300,51400,84500,233100,14700,100500,44800,193700,42900,42800,42700,42600,42500,42400,42300,0,0,0,86400,103700,123800,266800,245620,872500,10696200,0,0,0,46300,42300,35286500,12395020,0,0,0,0,0
000711.SZ,000711,20260325,93533000,42900,0,0,14680,0,,,60676380,261008366,44600,42300,44100,44500,43100,43200,43300,43400,43500,43600,43700,43800,43900,44000,39200,6200,62300,51400,110300,233100,14700,100500,44800,195700,42900,42800,42700,42600,42500,42400,42300,0,0,0,279300,85000,112400,259100,336520,755000,10630300,0,0,0,46300,42300,35282800,12457620,0,0,0,0,0
000711.SZ,000711,20260325,93536000,43100,0,0,14709,0,,,60756280,261352486,44600,42300,44100,44500,43200,43300,43400,43500,43600,43700,43800,43900,44000,44100,16200,62300,51400,110300,231300,14700,100500,44800,195700,61300,43100,43000,42900,42800,42700,42600,42500,42400,42300,0,2000,14500,297600,74900,81200,258000,341220,772700,10535900,0,46300,42300,34996200,12378020,0,0,0,0,0
000711.SZ,000711,20260325,93539000,43200,0,0,14738,0,,,60809480,261581193,44600,42300,44100,44500,43200,43300,43400,43500,43600,43700,43800,43900,44000,44100,22800,51300,87700,110300,230500,14700,100500,44800,195700,61300,43100,42900,42800,42700,42600,42500,42400,42300,0,0,42800,305000,73700,87100,260000,340220,776900,10539000,0,0,46300,42300,35008000,12424720,0,0,0,0,0
000711.SZ,000711,20260325,93542000,43300,0,0,14783,0,,,61016780,262476721,44600,42300,44100,44500,43400,43500,43600,43700,43800,43900,44000,44100,44200,44300,100700,133700,230500,14700,100500,59100,196500,61300,143200,49200,43300,43100,42900,42800,42700,42600,42500,42400,42300,0,5800,26800,298800,72400,79500,271700,331720,798800,10517500,0,46300,42300,34967400,12403020,0,0,0,0,0
000711.SZ,000711,20260325,93545000,43200,0,0,14825,0,,,61123980,262940043,44600,42300,44100,44500,43300,43400,43500,43600,43700,43800,43900,44000,44100,44200,8100,105100,134000,183900,14700,100500,55900,196500,61300,143600,43200,43100,43000,42900,42800,42700,42600,42500,42400,42300,19600,91500,10000,186500,72200,80900,271700,343120,805800,10507900,46300,42300,34980000,12389220,0,0,0,0,0
000711.SZ,000711,20260325,93548000,43200,0,0,14895,0,,,61384780,264068173,44600,42300,44100,44500,43200,43300,43400,43500,43600,43700,43800,43900,44000,44100,32600,20000,107400,135200,183900,14700,100500,55900,362100,57100,43100,43000,42900,42800,42700,42600,42500,42400,42300,0,50300,10000,179800,72200,80700,225100,289320,813100,10497100,0,46300,42300,35130200,12217620,0,0,0,0,0
000711.SZ,000711,20260325,93551000,43000,0,0,14992,0,,,61669980,265300011,44600,42300,44100,44500,43000,43100,43200,43300,43400,43500,43600,43700,43800,43900,151300,3300,15000,60800,99600,141200,195000,14700,101000,60900,42900,42800,42700,42600,42500,42400,42300,0,0,0,159000,71300,71700,257500,291320,807200,10474300,0,0,0,46300,42300,35406400,12132320,0,0,0,0,0
000711.SZ,000711,20260325,93554000,43000,0,0,15054,0,,,62034780,266866037,44600,42300,44100,44500,42900,43000,43100,43200,43300,43400,43500,43600,43700,43800,800,660200,93800,89800,118000,113000,142500,195000,14400,106000,42800,42700,42600,42500,42400,42300,0,0,0,0,55200,69300,228600,301520,772900,10469800,0,0,0,0,46200,42300,36228700,11897320,0,0,0,0,0
000711.SZ,000711,20260325,93557000,42800,0,0,15096,0,,,62213680,267632369,44600,42300,44100,44500,42800,42900,43000,43100,43200,43300,43400,43500,43600,43700,55700,107800,688600,118500,63400,141300,89900,140100,192500,14400,42700,42600,42500,42400,42300,0,0,0,0,0,42600,228500,291520,802600,10414500,0,0,0,0,0,46200,42300,36563300,11779720,0,0,0,0,0
000711.SZ,000711,20260325,93600000,42700,0,0,15135,0,,,62324080,268104542,44600,42300,44100,44500,42800,42900,43000,43100,43200,43300,43400,43500,43600,43700,6400,119800,162500,69400,40500,150500,70500,140100,181900,14400,42700,42600,42500,42400,42300,0,0,0,0,0,11000,223500,293720,811200,10414800,0,0,0,0,0,46200,42300,35898800,11754220,0,0,0,0,0
000711.SZ,000711,20260325,93603000,42700,0,0,15185,0,,,62459180,268681146,44600,42300,44100,44500,42700,42800,42900,43000,43100,43200,43300,43400,43500,43600,544900,34900,141000,129900,35800,42200,153500,70200,141100,183500,42600,42500,42400,42300,0,0,0,0,0,0,178600,293720,816200,10436400,0,0,0,0,0,0,46200,42300,36453200,11724920,0,0,0,0,0
000711.SZ,000711,20260325,93606000,42600,0,0,15207,0,,,62568380,269146530,44600,42300,44100,44500,42700,42800,42900,43000,43100,43200,43300,43400,43500,43600,563500,78800,114000,130900,32300,57100,148900,67200,157700,183500,42600,42500,42400,42300,0,0,0,0,0,0,89000,292420,824700,10428300,0,0,0,0,0,0,46200,42300,36474200,11634420,0,0,0,0,0
000711.SZ,000711,20260325,93609000,42600,0,0,15255,0,,,62717580,269781961,44600,42300,44100,44500,42600,42700,42800,42900,43000,43100,43200,43300,43400,43500,3000,573900,79000,76300,127900,32500,62700,149900,67200,156200,42500,42400,42300,0,0,0,0,0,0,0,285720,884400,10487800,0,0,0,0,0,0,0,46200,42300,36510400,11657920,0,0,0,0,0
000711.SZ,000711,20260325,93612000,42600,0,0,15279,0,,,62754380,269938687,44600,42300,44100,44500,42600,42700,42800,42900,43000,43100,43200,43300,43400,43500,70300,570100,189000,80600,132200,33100,63700,154500,69700,163200,42500,42400,42300,0,0,0,0,0,0,0,186720,910800,10501100,0,0,0,0,0,0,0,46200,42300,36838300,11598620,0,0,0,0,0
000711.SZ,000711,20260325,93615000,42500,0,0,15334,0,,,62941380,270734199,44600,42300,44100,44500,42600,42700,42800,42900,43000,43100,43200,43300,43400,43500,27200,563000,189000,87100,127300,33100,68600,154500,69700,173200,42500,42400,42300,0,0,0,0,0,0,0,106220,924200,10613600,0,0,0,0,0,0,0,46200,42300,36802300,11644020,0,0,0,0,0
000711.SZ,000711,20260325,93618000,42500,0,0,15401,0,,,63133980,271554594,44600,42300,44100,44500,42600,42700,42800,42900,43000,43100,43200,43300,43400,43500,28700,441200,189300,88100,130100,31400,68600,169400,63100,166200,42500,42400,42300,0,0,0,0,0,0,0,41920,951400,10626200,0,0,0,0,0,0,0,46200,42300,36647600,11619520,0,0,0,0,0
000711.SZ,000711,20260325,93621000,42600,0,0,15443,0,,,63245780,272029968,44600,42300,44100,44500,42600,42700,42800,42900,43000,43100,43200,43300,43400,43500,40200,438500,189300,88100,137100,31400,63700,169400,63100,166200,42500,42400,42300,0,0,0,0,0,0,0,35020,999800,10681200,0,0,0,0,0,0,0,46200,42300,36881600,11716020,0,0,0,0,0
000711.SZ,000711,20260325,93624000,42500,0,0,15478,0,,,63303500,272275313,44600,42300,44100,44500,42500,42600,42700,42800,42900,43000,43100,43200,43300,43400,24680,91000,438500,189300,41500,76000,31400,66400,174400,63100,42400,42300,0,0,0,0,0,0,0,0,1059500,10726300,0,0,0,0,0,0,0,0,46200,42300,36972680,11785800,0,0,0,0,0
000711.SZ,000711,20260325,93627000,42500,0,0,15531,0,,,63422500,272780811,44600,42300,44100,44500,42600,42700,42800,42900,43000,43100,43200,43300,43400,43500,101180,428600,189100,39900,76900,31400,71400,182000,63100,166200,42500,42400,42300,0,0,0,0,0,0,0,53700,1239400,10826200,0,0,0,0,0,0,0,46200,42300,37193580,12119300,0,0,0,0,0
000711.SZ,000711,20260325,93630000,42500,0,0,15615,0,,,63789600,274342744,44600,42300,44100,44500,42700,42800,42900,43000,43100,43200,43300,43400,43500,43600,369980,195400,39900,76900,26400,72800,182000,63100,166200,334800,42500,42400,42300,0,0,0,0,0,0,0,9000,1268700,10843500,0,0,0,0,0,0,0,46200,42300,37054880,12121200,0,0,0,0,0
000711.SZ,000711,20260325,93633000,42500,0,0,15739,0,,,64215100,276147870,44600,42300,44100,44500,42500,42600,42700,42800,42900,43000,43100,43200,43300,43400,38700,19000,368880,195400,39900,76900,26400,72000,120800,84000,42400,42300,0,0,0,0,0,0,0,0,1013200,10869200,0,0,0,0,0,0,0,0,46200,42300,37183880,11882400,0,0,0,0,0
000711.SZ,000711,20260325,93636000,42500,0,0,15761,0,,,64314300,276569482,44600,42300,44100,44500,42600,42700,42800,42900,43000,43100,43200,43300,43400,43500,19800,366880,195400,39900,84900,28000,72000,119100,83300,172100,42500,42400,42300,0,0,0,0,0,0,0,22400,1159700,10820200,0,0,0,0,0,0,0,46200,42300,37217480,12002300,0,0,0,0,0
000711.SZ,000711,20260325,93639000,42500,0,0,15818,0,,,64456200,277172413,44600,42300,44100,44500,42500,42600,42700,42800,42900,43000,43100,43200,43300,43400,15100,16300,366880,195400,33400,87800,28000,72000,119100,84700,42400,42300,0,0,0,0,0,0,0,0,1167100,10853200,0,0,0,0,0,0,0,0,46200,42300,37467980,12020300,0,0,0,0,0
000711.SZ,000711,20260325,93642000,42500,0,0,15852,0,,,64608900,277820974,44600,42300,44100,44500,42500,42600,42700,42800,42900,43000,43100,43200,43300,43400,92300,39900,366880,195400,33400,88100,28000,102500,119100,84700,42400,42300,0,0,0,0,0,0,0,0,1210700,10780100,0,0,0,0,0,0,0,0,46200,42300,37811980,11990800,0,0,0,0,0
000711.SZ,000711,20260325,93645000,42400,0,0,15884,0,,,64668400,278073578,44600,42300,44100,44500,42500,42600,42700,42800,42900,43000,43100,43200,43300,43400,163100,40000,366880,192900,33400,94800,25000,110000,119100,92400,42400,42300,0,0,0,0,0,0,0,0,1242600,10924500,0,0,0,0,0,0,0,0,46200,42300,37940980,12167100,0,0,0,0,0
000711.SZ,000711,20260325,93648000,42500,0,0,15939,0,,,64802500,278643068,44600,42300,44100,44500,42500,42600,42700,42800,42900,43000,43100,43200,43300,43400,97100,70400,363480,192900,35000,94800,25000,115000,119100,92400,42400,42300,0,0,0,0,0,0,0,0,1042200,10976600,0,0,0,0,0,0,0,0,46200,42300,37900280,12018800,0,0,0,0,0
000711.SZ,000711,20260325,93651000,42400,0,0,16024,0,,,65047300,279681461,44600,42300,44100,44500,42500,42600,42700,42800,42900,43000,43100,43200,43300,43400,82600,75400,363480,207300,35000,94800,25000,119500,121700,92400,42400,42300,0,0,0,0,0,0,0,0,962400,11142400,0,0,0,0,0,0,0,0,46200,42300,38110780,12104800,0,0,0,0,0
000711.SZ,000711,20260325,93654000,42500,0,0,16159,0,,,65589200,281980720,44600,42300,44100,44500,42600,42700,42800,42900,43000,43100,43200,43300,43400,43500,76800,363480,213500,35000,95100,25000,120500,121700,92400,172100,42500,42400,42300,0,0,0,0,0,0,0,88800,644300,11192100,0,0,0,0,0,0,0,46200,42300,38067780,11925200,0,0,0,0,0
000711.SZ,000711,20260325,93657000,42500,0,0,16215,0,,,65761700,282713612,44600,42300,44100,44500,42500,42600,42700,42800,42900,43000,43100,43200,43300,43400,128700,76200,370080,213500,35000,103100,25000,116500,121700,92400,42400,42300,0,0,0,0,0,0,0,0,657400,11221000,0,0,0,0,0,0,0,0,46100,42300,38234280,11878400,0,0,0,0,0
000711.SZ,000711,20260325,93700000,42500,0,0,16255,0,,,65979400,283637275,44600,42300,44100,44500,42500,42600,42700,42800,42900,43000,43100,43200,43300,43400,196200,88300,374580,213500,35500,104500,25000,116500,121700,80200,42400,42300,0,0,0,0,0,0,0,0,592000,11258400,0,0,0,0,0,0,0,0,46100,42300,38322180,11850400,0,0,0,0,0
000711.SZ,000711,20260325,93703000,42400,0,0,16285,0,,,66059600,283977523,44600,42300,44100,44500,42500,42600,42700,42800,42900,43000,43100,43200,43300,43400,236600,100300,374580,216200,35500,116500,25000,119100,121700,80200,42400,42300,0,0,0,0,0,0,0,0,653400,11292900,0,0,0,0,0,0,0,0,46100,42300,38405680,11946300,0,0,0,0,0
000711.SZ,000711,20260325,93706000,42400,0,0,16324,0,,,66194200,284548546,44600,42300,44100,44500,42500,42600,42700,42800,42900,43000,43100,43200,43300,43400,407600,100300,374580,216200,35500,111500,25200,119100,121700,80200,42400,42300,0,0,0,0,0,0,0,0,669700,11319000,0,0,0,0,0,0,0,0,46100,42300,38540180,11988700,0,0,0,0,0
000711.SZ,000711,20260325,93709000,42500,0,0,16371,0,,,66412000,285473282,44600,42300,44100,44500,42500,42600,42700,42800,42900,43000,43100,43200,43300,43400,322400,257500,375880,217200,35500,116500,26900,119100,92900,94000,42400,42300,0,0,0,0,0,0,0,0,724900,11369100,0,0,0,0,0,0,0,0,46100,42300,38603080,12094000,0,0,0,0,0
000711.SZ,000711,20260325,93712000,42400,0,0,16426,0,,,66629200,286395428,44600,42300,44100,44500,42500,42600,42700,42800,42900,43000,43100,43200,43300,43400,201900,258600,376080,206700,33600,156500,26900,119100,92900,94000,42400,42300,0,0,0,0,0,0,0,0,1101200,11793900,0,0,0,0,0,0,0,0,46100,42300,38512780,12895100,0,0,0,0,0
000711.SZ,000711,20260325,93715000,42400,0,0,16464,0,,,66695700,286677495,44600,42300,44100,44500,42500,42600,42700,42800,42900,43000,43100,43200,43300,43400,223000,262300,376080,206700,33600,150200,26900,119100,92900,94000,42400,42300,0,0,0,0,0,0,0,0,1082800,11801700,0,0,0,0,0,0,0,0,46100,42300,38560280,12884500,0,0,0,0,0
000711.SZ,000711,20260325,93718000,42400,0,0,16551,0,,,67128100,288512398,44600,42300,44100,44500,42500,42600,42700,42800,42900,43000,43100,43200,43300,43400,113400,262300,376080,206400,34000,152900,26900,119100,92900,94100,42400,42300,0,0,0,0,0,0,0,0,847200,11888600,0,0,0,0,0,0,0,0,46100,42300,38580280,12735800,0,0,0,0,0
000711.SZ,000711,20260325,93721000,42400,0,0,16580,0,,,67217900,288893296,44600,42300,44100,44500,42500,42600,42700,42800,42900,43000,43100,43200,43300,43400,100200,262300,375180,206400,38000,152900,26900,114000,98900,91300,42400,42300,0,0,0,0,0,0,0,0,912900,11981500,0,0,0,0,0,0,0,0,46100,42300,38552680,12894400,0,0,0,0,0
000711.SZ,000711,20260325,93724000,42400,0,0,16620,0,,,67360500,289498117,44600,42300,44100,44500,42500,42600,42700,42800,42900,43000,43100,43200,43300,43400,89300,257300,375180,206400,38000,184400,26900,124000,96400,91300,42400,42300,0,0,0,0,0,0,0,0,820500,12007500,0,0,0,0,0,0,0,0,46100,42300,38573880,12828000,0,0,0,0,0
000711.SZ,000711,20260325,93727000,42400,0,0,16654,0,,,67491500,290053813,44600,42300,44100,44500,42500,42600,42700,42800,42900,43000,43100,43200,43300,43400,75200,277300,375180,207700,41800,184400,27200,124000,96400,91300,42400,42300,0,0,0,0,0,0,0,0,963500,12341100,0,0,0,0,0,0,0,0,46100,42300,38444580,13304600,0,0,0,0,0
000711.SZ,000711,20260325,93730000,42400,0,0,16750,0,,,68087300,292580845,44600,42300,44100,44500,42500,42600,42700,42800,42900,43000,43100,43200,43300,43400,10800,275800,375180,207700,51800,184600,27200,124000,96800,91300,42400,42300,0,0,0,0,0,0,0,0,530600,12346700,0,0,0,0,0,0,0,0,46100,42300,38397280,12877300,0,0,0,0,0
000711.SZ,000711,20260325,93733000,42500,0,0,16790,0,,,68220400,293145542,44600,42300,44100,44500,42600,42700,42800,42900,43000,43100,43200,43300,43400,43500,275800,375180,207700,51800,181300,27200,124100,96800,91300,203700,42500,42400,42300,0,0,0,0,0,0,0,2900,497500,12367200,0,0,0,0,0,0,0,46100,42300,38470480,12867600,0,0,0,0,0
000711.SZ,000711,20260325,93736000,42500,0,0,16822,0,,,68287600,293430591,44600,42300,44100,44500,42500,42600,42700,42800,42900,43000,43100,43200,43300,43400,11700,256500,375180,207700,46500,181300,27200,124000,96800,91300,42400,42300,0,0,0,0,0,0,0,0,487800,12352300,0,0,0,0,0,0,0,0,46100,42300,38463380,12840100,0,0,0,0,0
000711.SZ,000711,20260325,93739000,42500,0,0,16865,0,,,68402000,293916522,44600,42300,44100,44500,42600,42700,42800,42900,43000,43100,43200,43300,43400,43500,256500,375180,207700,47500,181300,27200,155100,96800,91300,203700,42500,42400,42300,0,0,0,0,0,0,0,26900,490200,12336400,0,0,0,0,0,0,0,46100,42300,38491580,12853500,0,0,0,0,0
000711.SZ,000711,20260325,93742000,42500,0,0,16903,0,,,68553400,294558821,44600,42300,44100,44500,42500,42600,42700,42800,42900,43000,43100,43200,43300,43400,13900,279000,375180,207700,47500,182800,27200,155100,96800,91300,42400,42300,0,0,0,0,0,0,0,0,426600,12293200,0,0,0,0,0,0,0,0,46100,42300,38531780,12719800,0,0,0,0,0
000711.SZ,000711,20260325,93745000,42400,0,0,16942,0,,,68808900,295642725,44600,42300,44100,44500,42500,42600,42700,42800,42900,43000,43100,43200,43300,43400,160100,278200,375180,208500,47500,182800,25500,155100,96800,277100,42400,42300,0,0,0,0,0,0,0,0,246300,12308900,0,0,0,0,0,0,0,0,46100,42300,38874580,12555200,0,0,0,0,0
000711.SZ,000711,20260325,93748000,42400,0,0,17028,0,,,69041600,296629583,44600,42300,44100,44500,42500,42600,42700,42800,42900,43000,43100,43200,43300,43400,168800,279500,375980,224700,50600,181800,25500,125000,96800,277100,42400,42300,0,0,0,0,0,0,0,0,103800,12335600,0,0,0,0,0,0,0,0,46100,42300,38915080,12439400,0,0,0,0,0
000711.SZ,000711,20260325,93751000,42500,0,0,17071,0,,,69129100,297000908,44600,42300,44100,44500,42500,42600,42700,42800,42900,43000,43100,43200,43300,43400,312800,279500,375980,234700,50600,184800,25500,124300,96800,277700,42400,42300,0,0,0,0,0,0,0,0,76100,12340900,0,0,0,0,0,0,0,0,46100,42300,39036680,12417000,0,0,0,0,0
000711.SZ,000711,20260325,93754000,42400,0,0,17122,0,,,69304700,297745789,44600,42300,44100,44500,42500,42600,42700,42800,42900,43000,43100,43200,43300,43400,298200,281100,375980,204100,53800,205200,25500,124300,96800,277700,42400,42300,0,0,0,0,0,0,0,0,24700,12338000,0,0,0,0,0,0,0,0,46100,42300,39107180,12362700,0,0,0,0,0
000711.SZ,000711,20260325,93757000,42400,0,0,17274,0,,,69985300,300626041,44600,42300,44100,44500,42400,42500,42600,42700,42800,42900,43000,43100,43200,43300,74900,314400,281100,375980,204600,54300,207200,25500,139800,96800,42300,0,0,0,0,0,0,0,0,0,11792900,0,0,0,0,0,0,0,0,0,46100,42300,39151180,11792900,0,0,0,0,0
000711.SZ,000711,20260325,93800000,42400,0,0,17311,0,,,70077300,301015818,44600,42300,44100,44500,42400,42500,42600,42700,42800,42900,43000,43100,43200,43300,125400,626500,277800,394080,204600,64300,218300,25500,139800,98600,42300,0,0,0,0,0,0,0,0,0,11802500,0,0,0,0,0,0,0,0,0,46000,42300,39612480,11802500,0,0,0,0,0
000711.SZ,000711,20260325,93803000,42300,0,0,17354,0,,,70180900,301454879,44600,42300,44100,44500,42400,42500,42600,42700,42800,42900,43000,43100,43200,43300,441000,627400,330500,394080,104600,66900,233100,25500,139800,98600,42300,0,0,0,0,0,0,0,0,0,11798000,0,0,0,0,0,0,0,0,0,46000,42300,39952680,11798000,0,0,0,0,0
000711.SZ,000711,20260325,93806000,42300,0,0,17425,0,,,70335200,302108048,44600,42300,44100,44500,42400,42500,42600,42700,42800,42900,43000,43100,43200,43300,500700,613800,330500,394080,104600,66900,233200,25500,139800,98600,42300,0,0,0,0,0,0,0,0,0,11811500,0,0,0,0,0,0,0,0,0,46000,42300,40057880,11811500,0,0,0,0,0
000711.SZ,000711,20260325,93809000,42300,0,0,17483,0,,,70647200,303428886,44600,42300,44100,44500,42400,42500,42600,42700,42800,42900,43000,43100,43200,43300,467500,613800,329200,394080,151700,70900,235200,25500,129300,98600,42300,0,0,0,0,0,0,0,0,0,11582800,0,0,0,0,0,0,0,0,0,46000,42300,40053080,11582800,0,0,0,0,0
000711.SZ,000711,20260325,93812000,42400,0,0,17550,0,,,71123500,305446434,44600,42300,44100,44500,42400,42500,42600,42700,42800,42900,43000,43100,43200,43300,201300,465100,317200,394080,151700,66900,235200,25500,129300,98600,42300,0,0,0,0,0,0,0,0,0,11595700,0,0,0,0,0,0,0,0,0,46000,42300,39852680,11595700,0,0,0,0,0
000711.SZ,000711,20260325,93815000,42400,0,0,17616,0,,,71334700,306340682,44600,42300,44100,44500,42400,42500,42600,42700,42800,42900,43000,43100,43200,43300,100800,463900,317200,393780,152200,66900,235200,25500,129300,98600,42300,0,0,0,0,0,0,0,0,0,11477400,0,0,0,0,0,0,0,0,0,46000,42300,39705680,11477400,0,0,0,0,0
000711.SZ,000711,20260325,93818000,42300,0,0,17700,0,,,71512500,307093207,44600,42300,44100,44500,42400,42500,42600,42700,42800,42900,43000,43100,43200,43300,87000,458900,317200,393780,153700,66900,235200,25500,129300,98600,42300,0,0,0,0,0,0,0,0,0,11483200,0,0,0,0,0,0,0,0,0,46000,42300,39779380,11483200,0,0,0,0,0
000711.SZ,000711,20260325,93821000,42300,0,0,17804,0,,,71809100,308349068,44600,42300,44100,44500,42500,42600,42700,42800,42900,43000,43100,43200,43300,43400,459100,316700,393780,152500,67400,268900,25800,124300,98600,277700,42300,0,0,0,0,0,0,0,0,0,11395900,0,0,0,0,0,0,0,0,0,46000,42300,39835980,11395900,0,0,0,0,0
000711.SZ,000711,20260325,93824000,42300,0,0,17877,0,,,72010300,309200399,44600,42300,44100,44500,42400,42500,42600,42700,42800,42900,43000,43100,43200,43300,40400,493600,315900,393780,152500,67400,269700,25800,124300,98600,42300,0,0,0,0,0,0,0,0,0,11263000,0,0,0,0,0,0,0,0,0,46000,42300,40012280,11263000,0,0,0,0,0
000711.SZ,000711,20260325,93827000,42400,0,0,17926,0,,,72260300,310259856,44600,42300,44100,44500,42400,42500,42600,42700,42800,42900,43000,43100,43200,43300,5900,493500,315600,393780,152600,67400,270500,56500,124300,96700,42300,0,0,0,0,0,0,0,0,0,11224300,0,0,0,0,0,0,0,0,0,46000,42300,40037180,11224300,0,0,0,0,0
000711.SZ,000711,20260325,93830000,42400,0,0,17993,0,,,72454800,311083424,44600,42300,44100,44500,42500,42600,42700,42800,42900,43000,43100,43200,43300,43400,534600,315600,392980,152600,67400,259400,56500,124300,101700,277700,42400,42300,0,0,0,0,0,0,0,0,183800,11123800,0,0,0,0,0,0,0,0,46000,42300,40054080,11307600,0,0,0,0,0
000711.SZ,000711,20260325,93833000,42400,0,0,18028,0,,,72682500,312048929,44600,42300,44100,44500,42500,42600,42700,42800,42900,43000,43100,43200,43300,43400,537300,315600,480580,152600,67400,256600,56500,124300,101700,277700,42400,42300,0,0,0,0,0,0,0,0,17600,11199600,0,0,0,0,0,0,0,0,46000,42300,40184780,11217200,0,0,0,0,0
000711.SZ,000711,20260325,93836000,42400,0,0,18062,0,,,72863500,312816251,44600,42300,44100,44500,42400,42500,42600,42700,42800,42900,43000,43100,43200,43300,153900,544200,315600,480780,158800,67400,261400,56500,122100,101700,42300,0,0,0,0,0,0,0,0,0,11238800,0,0,0,0,0,0,0,0,0,46000,42300,40458080,11238800,0,0,0,0,0
000711.SZ,000711,20260325,93839000,42300,0,0,18108,0,,,72957500,313214357,44600,42300,44100,44500,42400,42500,42600,42700,42800,42900,43000,43100,43200,43300,205500,556400,315600,480780,158000,67400,263300,56500,122100,101700,42300,0,0,0,0,0,0,0,0,0,11303100,0,0,0,0,0,0,0,0,0,46000,42300,40611180,11303100,0,0,0,0,0
000711.SZ,000711,20260325,93842000,42400,0,0,18349,0,,,73860500,317035453,44600,42300,44100,44500,42400,42500,42600,42700,42800,42900,43000,43100,43200,43300,233300,560900,315600,482780,158000,67400,263300,46500,122100,101700,42300,0,0,0,0,0,0,0,0,0,10528000,0,0,0,0,0,0,0,0,0,46000,42300,40620380,10528000,0,0,0,0,0
000711.SZ,000711,20260325,93845000,42300,0,0,18386,0,,,73943200,317385645,44600,42300,44100,44500,42400,42500,42600,42700,42800,42900,43000,43100,43200,43300,278200,568000,293100,482780,158000,67400,263300,46500,122100,111100,42300,0,0,0,0,0,0,0,0,0,10594800,0,0,0,0,0,0,0,0,0,46000,42300,40646280,10594800,0,0,0,0,0
000711.SZ,000711,20260325,93848000,42300,0,0,18437,0,,,74185500,318412095,44600,42300,44100,44500,42400,42500,42600,42700,42800,42900,43000,43100,43200,43300,197100,595200,293100,482780,160400,69800,363300,46500,128500,111100,42300,0,0,0,0,0,0,0,0,0,10548500,0,0,0,0,0,0,0,0,0,46000,42300,40721780,10548500,0,0,0,0,0
000711.SZ,000711,20260325,93851000,42300,0,0,18478,0,,,74386500,319263331,44600,42300,44100,44500,42400,42500,42600,42700,42800,42900,43000,43100,43200,43300,185700,580600,302100,482780,180500,69800,362300,46500,126500,111100,42300,0,0,0,0,0,0,0,0,0,10483300,0,0,0,0,0,0,0,0,0,46000,42300,40771980,10483300,0,0,0,0,0
000711.SZ,000711,20260325,93854000,42400,0,0,18581,0,,,74697100,320577410,44600,42300,44100,44500,42400,42500,42600,42700,42800,42900,43000,43100,43200,43300,340600,508400,301400,482780,186700,67700,362300,46500,126500,111100,42300,0,0,0,0,0,0,0,0,0,10231500,0,0,0,0,0,0,0,0,0,46000,42300,40964580,10231500,0,0,0,0,0
000711.SZ,000711,20260325,93857000,42400,0,0,18647,0,,,74945600,321629387,44600,42300,44100,44500,42400,42500,42600,42700,42800,42900,43000,43100,43200,43300,292500,508000,301400,482780,186700,64200,361900,46500,126500,106700,42300,0,0,0,0,0,0,0,0,0,10093300,0,0,0,0,0,0,0,0,0,46000,42300,40893480,10093300,0,0,0,0,0
000711.SZ,000711,20260325,93900000,42400,0,0,18707,0,,,75223200,322805461,44600,42300,44100,44500,42400,42500,42600,42700,42800,42900,43000,43100,43200,43300,151500,498000,300700,482780,183500,64200,356300,46500,126500,106700,42300,0,0,0,0,0,0,0,0,0,10062200,0,0,0,0,0,0,0,0,0,46000,42300,40833280,10062200,0,0,0,0,0
000711.SZ,000711,20260325,93903000,42300,0,0,18783,0,,,75391900,323519462,44600,42300,44100,44500,42400,42500,42600,42700,42800,42900,43000,43100,43200,43300,194500,490100,300700,482780,183500,64200,352900,46500,126500,106700,42300,0,0,0,0,0,0,0,0,0,10271700,0,0,0,0,0,0,0,0,0,46000,42300,40785380,10271700,0,0,0,0,0
000711.SZ,000711,20260325,93906000,42400,0,0,18847,0,,,75610900,324446153,44600,42300,44100,44500,42400,42500,42600,42700,42800,42900,43000,43100,43200,43300,503200,480000,280700,482780,177400,65200,353900,46500,131500,106700,42300,0,0,0,0,0,0,0,0,0,10108800,0,0,0,0,0,0,0,0,0,45900,42300,41074280,10108800,0,0,0,0,0
000711.SZ,000711,20260325,93909000,42300,0,0,19056,0,,,76347007,327560426,44600,42300,44100,44500,42400,42500,42600,42700,42800,42900,43000,43100,43200,43300,455700,481700,280700,482780,195700,76300,353900,46500,131500,106700,42300,0,0,0,0,0,0,0,0,0,9466393,0,0,0,0,0,0,0,0,0,45900,42300,41117680,9466393,0,0,0,0,0
000711.SZ,000711,20260325,93912000,42300,0,0,19152,0,,,76682907,328981688,44600,42300,44100,44500,42400,42500,42600,42700,42800,42900,43000,43100,43200,43300,460400,467000,280700,482780,195700,76300,353900,46500,131500,106700,42300,0,0,0,0,0,0,0,0,0,9204593,0,0,0,0,0,0,0,0,0,46000,42300,40920280,9204593,0,0,0,0,0
000711.SZ,000711,20260325,93915000,42300,0,0,19238,0,,,77242207,331348670,44600,42300,44100,44500,42400,42500,42600,42700,42800,42900,43000,43100,43200,43300,389900,466700,280700,482780,182800,76300,353900,46500,131500,106700,42300,0,0,0,0,0,0,0,0,0,8803293,0,0,0,0,0,0,0,0,0,46000,42300,40798680,8803293,0,0,0,0,0
000711.SZ,000711,20260325,93918000,42300,0,0,19428,0,,,77825807,333817395,44600,42300,44100,44500,42400,42500,42600,42700,42800,42900,43000,43100,43200,43300,368900,466700,280700,486280,182800,76300,354400,46500,133900,106700,42300,0,0,0,0,0,0,0,0,0,8315793,0,0,0,0,0,0,0,0,0,46000,42300,40671580,8315793,0,0,0,0,0
000711.SZ,000711,20260325,93921000,42300,0,0,19653,0,,,78646507,337289265,44600,42300,44100,44500,42400,42500,42600,42700,42800,42900,43000,43100,43200,43300,411800,466700,280700,486280,183300,65400,354400,46500,134900,116700,42300,0,0,0,0,0,0,0,0,0,7585693,0,0,0,0,0,0,0,0,0,46000,42300,40788880,7585693,0,0,0,0,0
000711.SZ,000711,20260325,93924000,42300,0,0,19997,0,,,79823207,342266776,44600,42300,44100,44500,42400,42500,42600,42700,42800,42900,43000,43100,43200,43300,638600,360400,280700,486080,183300,65400,354700,46500,128500,116700,42300,0,0,0,0,0,0,0,0,0,6427993,0,0,0,0,0,0,0,0,0,46000,42300,40934780,6427993,0,0,0,0,0
000711.SZ,000711,20260325,93927000,42300,0,0,20754,0,,,82422107,353260343,44600,42300,44100,44500,42400,42500,42600,42700,42800,42900,43000,43100,43200,43300,619800,303500,281100,486080,183300,65400,353900,46500,128500,116700,42300,0,0,0,0,0,0,0,0,0,3639093,0,0,0,0,0,0,0,0,0,46000,42300,40832080,3639093,0,0,0,0,0
000711.SZ,000711,20260325,93930000,42300,0,0,21667,0,,,86179200,369153392,44600,42300,44100,44500,42300,42400,42500,42600,42700,42800,42900,43000,43100,43200,999507,591500,305800,285600,486080,183300,65400,352900,48200,127000,0,0,0,0,0,0,0,0,0,0,0,0,0,0,0,0,0,0,0,0,45900,0,41793387,0,0,0,0,0,0
000711.SZ,000711,20260325,93933000,42300,0,0,21694,0,,,86255500,369476141,44600,42300,44100,44500,42300,42400,42500,42600,42700,42800,42900,43000,43100,43200,6585907,590200,306500,279500,484080,183600,65200,352900,48200,127000,0,0,0,0,0,0,0,0,0,0,0,0,0,0,0,0,0,0,0,0,45400,0,47338487,0,0,0,0,0,0
000711.SZ,000711,20260325,93936000,42300,0,0,21720,0,,,86313500,369721481,44600,42300,44100,44500,42300,42400,42500,42600,42700,42800,42900,43000,43100,43200,11434373,597900,358400,274900,484080,184500,61700,356000,48200,127000,0,0,0,0,0,0,0,0,0,0,0,0,0,0,0,0,0,0,0,0,45100,0,52273253,0,0,0,0,0,0
000711.SZ,000711,20260325,93939000,42300,0,0,21736,0,,,86343700,369849227,44600,42300,44100,44500,42300,42400,42500,42600,42700,42800,42900,43000,43100,43200,13021073,527900,360600,274400,484080,219100,61700,329600,48200,127000,0,0,0,0,0,0,0,0,0,0,0,0,0,0,0,0,0,0,0,0,45100,0,53789453,0,0,0,0,0,0
000711.SZ,000711,20260325,93942000,42300,0,0,21769,0,,,86468600,370377554,44600,42300,44100,44500,42300,42400,42500,42600,42700,42800,42900,43000,43100,43200,14723973,517200,402600,107600,480280,219100,61700,329800,54200,126200,0,0,0,0,0,0,0,0,0,0,0,0,0,0,0,0,0,0,0,0,45000,0,55334653,0,0,0,0,0,0
000711.SZ,000711,20260325,93945000,42300,0,0,21799,0,,,86549000,370717646,44600,42300,44100,44500,42300,42400,42500,42600,42700,42800,42900,43000,43100,43200,15688673,509300,388700,107600,480280,221700,61700,328800,54200,126200,0,0,0,0,0,0,0,0,0,0,0,0,0,0,0,0,0,0,0,0,44900,0,56256053,0,0,0,0,0,0
000711.SZ,000711,20260325,93948000,42300,0,0,21823,0,,,86611400,370981598,44600,42300,44100,44500,42300,42400,42500,42600,42700,42800,42900,43000,43100,43200,16185873,507100,392500,110600,480280,221700,61700,328800,54200,126200,0,0,0,0,0,0,0,0,0,0,0,0,0,0,0,0,0,0,0,0,44900,0,56654953,0,0,0,0,0,0
000711.SZ,000711,20260325,93951000,42300,0,0,21844,0,,,86682200,371281082,44600,42300,44100,44500,42300,42400,42500,42600,42700,42800,42900,43000,43100,43200,16637773,508100,374500,110600,480280,221700,61700,328200,54200,123000,0,0,0,0,0,0,0,0,0,0,0,0,0,0,0,0,0,0,0,0,44900,0,57103153,0,0,0,0,0,0
000711.SZ,000711,20260325,93954000,42300,0,0,21867,0,,,86739300,371522615,44600,42300,44100,44500,42300,42400,42500,42600,42700,42800,42900,43000,43100,43200,16775073,500000,380940,110600,480280,221700,51700,339600,54200,123000,0,0,0,0,0,0,0,0,0,0,0,0,0,0,0,0,0,0,0,0,44900,0,57235993,0,0,0,0,0,0
000711.SZ,000711,20260325,93957000,42300,0,0,21899,0,,,86805000,371800526,44600,42300,44100,44500,42300,42400,42500,42600,42700,42800,42900,43000,43100,43200,17282373,500000,379140,110600,480280,221700,51700,339600,60500,123000,0,0,0,0,0,0,0,0,0,0,0,0,0,0,0,0,0,0,0,0,44900,0,57729793,0,0,0,0,0,0
000711.SZ,000711,20260325,94000000,42300,0,0,21914,0,,,86850300,371992145,44600,42300,44100,44500,42300,42400,42500,42600,42700,42800,42900,43000,43100,43200,17387573,499000,343940,111100,480280,221700,51700,359600,60500,123000,0,0,0,0,0,0,0,0,0,0,0,0,0,0,0,0,0,0,0,0,44900,0,57919493,0,0,0,0,0,0
000711.SZ,000711,20260325,94003000,42300,0,0,21927,0,,,86870500,372077591,44600,42300,44100,44500,42300,42400,42500,42600,42700,42800,42900,43000,43100,43200,17682873,536200,332440,111100,480280,221700,51700,359600,59900,123500,0,0,0,0,0,0,0,0,0,0,0,0,0,0,0,0,0,0,0,0,44800,0,58475093,0,0,0,0,0,0
000711.SZ,000711,20260325,94006000,42300,0,0,21938,0,,,86917500,372276401,44600,42300,44100,44500,42300,42400,42500,42600,42700,42800,42900,43000,43100,43200,17714473,336000,332440,111100,480280,221700,51700,361100,59900,123500,0,0,0,0,0,0,0,0,0,0,0,0,0,0,0,0,0,0,0,0,44900,0,58334093,0,0,0,0,0,0
000711.SZ,000711,20260325,94009000,42300,0,0,21951,0,,,86951600,372420644,44600,42300,44100,44500,42300,42400,42500,42600,42700,42800,42900,43000,43100,43200,18000373,328200,330740,111100,486680,224300,51700,382600,59900,123500,0,0,0,0,0,0,0,0,0,0,0,0,0,0,0,0,0,0,0,0,44800,0,58660593,0,0,0,0,0,0
000711.SZ,000711,20260325,94012000,42300,0,0,21974,0,,,87014400,372686288,44600,42300,44100,44500,42300,42400,42500,42600,42700,42800,42900,43000,43100,43200,18136373,332200,330740,110800,399180,225800,51700,379100,61900,123500,0,0,0,0,0,0,0,0,0,0,0,0,0,0,0,0,0,0,0,0,44800,0,58704793,0,0,0,0,0,0
000711.SZ,000711,20260325,94015000,42300,0,0,21992,0,,,87094100,373023419,44600,42300,44100,44500,42300,42400,42500,42600,42700,42800,42900,43000,43100,43200,18259773,332200,330740,112900,399180,225900,51700,380600,61900,119100,0,0,0,0,0,0,0,0,0,0,0,0,0,0,0,0,0,0,0,0,44800,0,58864793,0,0,0,0,0,0
000711.SZ,000711,20260325,94018000,42300,0,0,22022,0,,,87325700,374003087,44600,42300,44100,44500,42300,42400,42500,42600,42700,42800,42900,43000,43100,43200,18131173,337700,330740,112900,400580,225900,53200,357700,61900,119100,0,0,0,0,0,0,0,0,0,0,0,0,0,0,0,0,0,0,0,0,44800,0,58731593,0,0,0,0,0,0
000711.SZ,000711,20260325,94021000,42300,0,0,22037,0,,,87392000,374283536,44600,42300,44100,44500,42300,42400,42500,42600,42700,42800,42900,43000,43100,43200,18368373,337700,330040,112900,400580,225900,53200,357700,55900,119100,0,0,0,0,0,0,0,0,0,0,0,0,0,0,0,0,0,0,0,0,44800,0,59045993,0,0,0,0,0,0
000711.SZ,000711,20260325,94024000,42300,0,0,22048,0,,,87468700,374607977,44600,42300,44100,44500,42300,42400,42500,42600,42700,42800,42900,43000,43100,43200,18964173,335100,329940,112900,401180,228400,53200,355800,55900,119100,0,0,0,0,0,0,0,0,0,0,0,0,0,0,0,0,0,0,0,0,44800,0,59738793,0,0,0,0,0,0
000711.SZ,000711,20260325,94027000,42300,0,0,22060,0,,,87533500,374882081,44600,42300,44100,44500,42300,42400,42500,42600,42700,42800,42900,43000,43100,43200,19013773,333800,331940,112900,402280,228400,53200,355800,55900,109100,0,0,0,0,0,0,0,0,0,0,0,0,0,0,0,0,0,0,0,0,44800,0,59864993,0,0,0,0,0,0
000711.SZ,000711,20260325,94030000,42300,0,0,22079,0,,,87622200,375257282,44600,42300,44100,44500,42300,42400,42500,42600,42700,42800,42900,43000,43100,43200,19155873,333300,331940,112900,402280,228400,53200,353200,55900,109100,0,0,0,0,0,0,0,0,0,0,0,0,0,0,0,0,0,0,0,0,44800,0,59896793,0,0,0,0,0,0
000711.SZ,000711,20260325,94033000,42300,0,0,22092,0,,,87653600,375390104,44600,42300,44100,44500,42300,42400,42500,42600,42700,42800,42900,43000,43100,43200,19153973,316800,346240,112900,402280,228400,53200,353200,55900,109100,0,0,0,0,0,0,0,0,0,0,0,0,0,0,0,0,0,0,0,0,44800,0,60077193,0,0,0,0,0,0
000711.SZ,000711,20260325,94036000,42300,0,0,22102,0,,,87679500,375499661,44600,42300,44100,44500,42300,42400,42500,42600,42700,42800,42900,43000,43100,43200,19439173,327300,344140,112900,402280,227600,53200,362300,55900,109100,0,0,0,0,0,0,0,0,0,0,0,0,0,0,0,0,0,0,0,0,44800,0,60569193,0,0,0,0,0,0
000711.SZ,000711,20260325,94039000,42300,0,0,22111,0,,,87722600,375681974,44600,42300,44100,44500,42300,42400,42500,42600,42700,42800,42900,43000,43100,43200,19520173,325200,344540,112900,404080,227600,53200,365300,55900,104600,0,0,0,0,0,0,0,0,0,0,0,0,0,0,0,0,0,0,0,0,44800,0,60696693,0,0,0,0,0,0
000711.SZ,000711,20260325,94042000,42300,0,0,22121,0,,,87744500,375774611,44600,42300,44100,44500,42300,42400,42500,42600,42700,42800,42900,43000,43100,43200,19936473,325200,343440,112900,404080,225400,56400,359500,56300,103600,0,0,0,0,0,0,0,0,0,0,0,0,0,0,0,0,0,0,0,0,44800,0,61224593,0,0,0,0,0,0
000711.SZ,000711,20260325,94045000,42300,0,0,22129,0,,,87755800,375822410,44600,42300,44100,44500,42300,42400,42500,42600,42700,42800,42900,43000,43100,43200,20037173,307600,344740,111800,406080,225400,56400,359500,56300,103600,0,0,0,0,0,0,0,0,0,0,0,0,0,0,0,0,0,0,0,0,44800,0,61334293,0,0,0,0,0,0
000711.SZ,000711,20260325,94048000,42300,0,0,22138,0,,,87766300,375866825,44600,42300,44100,44500,42300,42400,42500,42600,42700,42800,42900,43000,43100,43200,20663473,303100,347440,111800,406080,225400,56400,361700,56300,103600,0,0,0,0,0,0,0,0,0,0,0,0,0,0,0,0,0,0,0,0,44700,0,61857093,0,0,0,0,0,0
000711.SZ,000711,20260325,94051000,42300,0,0,22150,0,,,87789300,375964115,44600,42300,44100,44500,42300,42400,42500,42600,42700,42800,42900,43000,43100,43200,20176173,318900,347440,111800,406580,225400,56400,361700,56300,103600,0,0,0,0,0,0,0,0,0,0,0,0,0,0,0,0,0,0,0,0,44800,0,61332993,0,0,0,0,0,0
000711.SZ,000711,20260325,94054000,42300,0,0,22178,0,,,88039100,377020769,44600,42300,44100,44500,42300,42400,42500,42600,42700,42800,42900,43000,43100,43200,20091873,323900,347440,111800,406580,226400,56400,259200,56300,103600,0,0,0,0,0,0,0,0,0,0,0,0,0,0,0,0,0,0,0,0,44800,0,61029793,0,0,0,0,0,0
000711.SZ,000711,20260325,94057000,42300,0,0,22191,0,,,88303000,378137066,44600,42300,44100,44500,42300,42400,42500,42600,42700,42800,42900,43000,43100,43200,19818073,323900,349040,111800,406580,241100,56400,262700,56300,103600,0,0,0,0,0,0,0,0,0,0,0,0,0,0,0,0,0,0,0,0,44800,0,60838893,0,0,0,0,0,0
000711.SZ,000711,20260325,94100000,42300,0,0,22204,0,,,88456500,378786371,44600,42300,44100,44500,42300,42400,42500,42600,42700,42800,42900,43000,43100,43200,19643773,332100,339040,111800,406580,241100,56400,267900,56300,103600,0,0,0,0,0,0,0,0,0,0,0,0,0,0,0,0,0,0,0,0,44800,0,60667393,0,0,0,0,0,0
000711.SZ,000711,20260325,94103000,42300,0,0,22220,0,,,88491100,378932729,44600,42300,44100,44500,42300,42400,42500,42600,42700,42800,42900,43000,43100,43200,19131273,332100,339640,111800,406580,242000,56400,267900,56300,103600,0,0,0,0,0,0,0,0,0,0,0,0,0,0,0,0,0,0,0,0,44800,0,60144493,0,0,0,0,0,0
000711.SZ,000711,20260325,94106000,42300,0,0,22241,0,,,88549100,379178069,44600,42300,44100,44500,42300,42400,42500,42600,42700,42800,42900,43000,43100,43200,18869873,312100,339640,111800,406580,242000,56400,277900,56300,103600,0,0,0,0,0,0,0,0,0,0,0,0,0,0,0,0,0,0,0,0,44800,0,59989293,0,0,0,0,0,0
000711.SZ,000711,20260325,94109000,42300,0,0,22279,0,,,88672700,379700897,44600,42300,44100,44500,42300,42400,42500,42600,42700,42800,42900,43000,43100,43200,15090689,322100,339640,112600,406580,242000,56400,377900,56300,103600,0,0,0,0,0,0,0,0,0,0,0,0,0,0,0,0,0,0,0,0,45000,0,56341909,0,0,0,0,0,0
000711.SZ,000711,20260325,94112000,42300,0,0,22352,0,,,89178000,381838316,44600,42300,44100,44500,42300,42400,42500,42600,42700,42800,42900,43000,43100,43200,11777782,322100,340640,112600,406580,382300,56400,378000,56300,103600,0,0,0,0,0,0,0,0,0,0,0,0,0,0,0,0,0,0,0,0,45100,0,53436202,0,0,0,0,0,0
000711.SZ,000711,20260325,94115000,42300,0,0,22485,0,,,89940000,385061576,44600,42300,44100,44500,42300,42400,42500,42600,42700,42800,42900,43000,43100,43200,8953482,331600,340640,113500,406680,382000,56400,378000,56300,113600,0,0,0,0,0,0,0,0,0,0,0,0,0,0,0,0,0,0,0,0,45300,0,50678402,0,0,0,0,0,0
000711.SZ,000711,20260325,94118000,42300,0,0,22727,0,,,91394700,391214957,44600,42300,44100,44500,42300,42400,42500,42600,42700,42800,42900,43000,43100,43200,6616882,302400,341640,130700,406680,442400,56400,378000,56300,113600,0,0,0,0,0,0,0,0,0,0,0,0,0,0,0,0,0,0,0,0,45400,0,48432902,0,0,0,0,0,0
000711.SZ,000711,20260325,94121000,42300,0,0,22908,0,,,93028500,398125931,44600,42300,44100,44500,42300,42400,42500,42600,42700,42800,42900,43000,43100,43200,4775782,309300,329740,130700,409180,442400,56400,378000,56300,113600,0,0,0,0,0,0,0,0,0,0,0,0,0,0,0,0,0,0,0,0,45600,0,46499202,0,0,0,0,0,0
000711.SZ,000711,20260325,94124000,42300,0,0,23127,0,,,94157800,402902870,44600,42300,44100,44500,42300,42400,42500,42600,42700,42800,42900,43000,43100,43200,3586182,258300,341240,113500,409180,419500,56400,378000,59000,113600,0,0,0,0,0,0,0,0,0,0,0,0,0,0,0,0,0,0,0,0,45700,0,45212602,0,0,0,0,0,0
000711.SZ,000711,20260325,94127000,42300,0,0,23400,0,,,95387400,408104078,44600,42300,44100,44500,42300,42400,42500,42600,42700,42800,42900,43000,43100,43200,2268582,255300,341240,113500,409180,416800,56400,376000,59000,113600,0,0,0,0,0,0,0,0,0,0,0,0,0,0,0,0,0,0,0,0,45700,0,44005202,0,0,0,0,0,0
000711.SZ,000711,20260325,94130000,42300,0,0,23571,0,,,96153100,411342989,44600,42300,44100,44500,42300,42400,42500,42600,42700,42800,42900,43000,43100,43200,1551782,255300,322540,112700,409180,282500,56400,377000,59000,113600,0,0,0,0,0,0,0,0,0,0,0,0,0,0,0,0,0,0,0,0,45800,0,43169402,0,0,0,0,0,0
000711.SZ,000711,20260325,94133000,42300,0,0,23812,0,,,96926700,414615317,44600,42300,44100,44500,42300,42400,42500,42600,42700,42800,42900,43000,43100,43200,772282,254900,322540,114700,419180,281500,56400,378500,59000,113600,0,0,0,0,0,0,0,0,0,0,0,0,0,0,0,0,0,0,0,0,45900,0,42391902,0,0,0,0,0,0
000711.SZ,000711,20260325,94136000,42300,0,0,24065,0,,,97705300,417908795,44600,42300,44100,44500,42300,42400,42500,42600,42700,42800,42900,43000,43100,43200,20282,254900,322540,114700,419180,281500,56900,384900,58600,113600,0,0,0,0,0,0,0,0,0,0,0,0,0,0,0,0,0,0,0,0,45900,0,41701802,0,0,0,0,0,0
000711.SZ,000711,20260325,94139000,42300,0,0,24091,0,,,97779482,418222717,44600,42300,44100,44500,42400,42500,42600,42700,42800,42900,43000,43100,43200,43300,236000,323940,114800,424680,247700,55900,384900,58600,98100,138200,42300,0,0,0,0,0,0,0,0,0,677018,0,0,0,0,0,0,0,0,0,45900,42300,41626120,677018,0,0,0,0,0
000711.SZ,000711,20260325,94142000,42300,0,0,24158,0,,,98038582,419320221,44600,42300,44100,44500,42400,42500,42600,42700,42800,42900,43000,43100,43200,43300,79900,323940,114700,424980,247700,55900,384900,58600,98100,138200,42300,0,0,0,0,0,0,0,0,0,909818,0,0,0,0,0,0,0,0,0,46000,42300,41474920,909818,0,0,0,0,0
000711.SZ,000711,20260325,94145000,42400,0,0,24176,0,,,98085282,419517779,44600,42300,44100,44500,42400,42500,42600,42700,42800,42900,43000,43100,43200,43300,108000,323940,114700,424980,248000,57200,384900,61100,98100,138200,42300,0,0,0,0,0,0,0,0,0,1102518,0,0,0,0,0,0,0,0,0,46000,42300,41435120,1102518,0,0,0,0,0
000711.SZ,000711,20260325,94148000,42300,0,0,24213,0,,,98211082,420050907,44600,42300,44100,44500,42400,42500,42600,42700,42800,42900,43000,43100,43200,43300,8600,374440,114700,441980,248000,57200,414300,61100,98100,138200,42300,0,0,0,0,0,0,0,0,0,1206918,0,0,0,0,0,0,0,0,0,46000,42300,41383720,1206918,0,0,0,0,0
000711.SZ,000711,20260325,94151000,42400,0,0,24267,0,,,98294582,420404739,44600,42300,44100,44500,42500,42600,42700,42800,42900,43000,43100,43200,43300,43400,360940,114700,441980,248100,57200,414300,61100,98100,138200,312600,42400,42300,0,0,0,0,0,0,0,0,26800,1400118,0,0,0,0,0,0,0,0,46000,42300,41322220,1426918,0,0,0,0,0
000711.SZ,000711,20260325,94154000,42500,0,0,24282,0,,,98351682,420646887,44600,42300,44100,44500,42500,42600,42700,42800,42900,43000,43100,43200,43300,43400,356540,114700,441980,248100,57200,414300,59400,98100,138200,312600,42400,42300,0,0,0,0,0,0,0,0,64700,1514618,0,0,0,0,0,0,0,0,46000,42300,41243920,1579318,0,0,0,0,0
000711.SZ,000711,20260325,94157000,42500,0,0,24300,0,,,98465582,421130868,44600,42300,44100,44500,42500,42600,42700,42800,42900,43000,43100,43200,43300,43400,271440,114700,441980,248100,61700,414300,59400,98100,138200,312000,42400,42300,0,0,0,0,0,0,0,0,64000,1582518,0,0,0,0,0,0,0,0,46000,42300,41170520,1646518,0,0,0,0,0
000711.SZ,000711,20260325,94200000,42500,0,0,24343,0,,,98585682,421640854,44600,42300,44100,44500,42500,42600,42700,42800,42900,43000,43100,43200,43300,43400,184340,127500,441980,190300,61700,404100,59400,98100,132900,312000,42400,42300,0,0,0,0,0,0,0,0,88800,1681418,0,0,0,0,0,0,0,0,46000,42300,40986220,1770218,0,0,0,0,0
000711.SZ,000711,20260325,94203000,42500,0,0,24384,0,,,98693382,422097924,44600,42300,44100,44500,42500,42600,42700,42800,42900,43000,43100,43200,43300,43400,153940,132500,451980,143200,66200,426500,59400,98100,132900,312000,42400,42300,0,0,0,0,0,0,0,0,58700,1812818,0,0,0,0,0,0,0,0,46000,42300,40961820,1871518,0,0,0,0,0
000711.SZ,000711,20260325,94206000,42500,0,0,24403,0,,,98740282,422296993,44600,42300,44100,44500,42500,42600,42700,42800,42900,43000,43100,43200,43300,43400,140640,132500,450980,147100,76200,429900,59400,98600,134800,312000,42400,42300,0,0,0,0,0,0,0,0,62300,1883118,0,0,0,0,0,0,0,0,46000,42300,40980320,1945418,0,0,0,0,0
000711.SZ,000711,20260325,94209000,42400,0,0,24451,0,,,98837682,422710126,44600,42300,44100,44500,42400,42500,42600,42700,42800,42900,43000,43100,43200,43300,24500,130440,129700,450980,149300,76200,423500,59400,98700,135300,42300,0,0,0,0,0,0,0,0,0,1909618,0,0,0,0,0,0,0,0,0,46000,42300,40846520,1909618,0,0,0,0,0
000711.SZ,000711,20260325,94212000,42300,0,0,24472,0,,,98895182,422953815,44600,42300,44100,44500,42400,42500,42600,42700,42800,42900,43000,43100,43200,43300,238200,300240,135900,450980,149300,82400,424500,59400,98700,135300,42300,0,0,0,0,0,0,0,0,0,1896818,0,0,0,0,0,0,0,0,0,46000,42300,41245620,1896818,0,0,0,0,0
000711.SZ,000711,20260325,94215000,42300,0,0,24500,0,,,98953082,423199027,44600,42300,44100,44500,42400,42500,42600,42700,42800,42900,43000,43100,43200,43300,309900,276140,134600,451980,149400,82400,414500,59400,99200,135300,42300,0,0,0,0,0,0,0,0,0,1896618,0,0,0,0,0,0,0,0,0,46000,42300,41285820,1896618,0,0,0,0,0
000711.SZ,000711,20260325,94218000,42400,0,0,24541,0,,,99108982,423858552,44600,42300,44100,44500,42400,42500,42600,42700,42800,42900,43000,43100,43200,43300,407600,305640,139600,451980,149700,84400,414600,59400,99200,139300,42300,0,0,0,0,0,0,0,0,0,1914918,0,0,0,0,0,0,0,0,0,45900,42300,41394520,1914918,0,0,0,0,0
000711.SZ,000711,20260325,94221000,42400,0,0,24564,0,,,99187482,424191283,44600,42300,44100,44500,42400,42500,42600,42700,42800,42900,43000,43100,43200,43300,381200,329540,139600,451980,149700,87100,415100,59400,99200,139300,42300,0,0,0,0,0,0,0,0,0,1951518,0,0,0,0,0,0,0,0,0,45900,42300,41472220,1951518,0,0,0,0,0
000711.SZ,000711,20260325,94224000,42400,0,0,24589,0,,,99262682,424509730,44600,42300,44100,44500,42400,42500,42600,42700,42800,42900,43000,43100,43200,43300,419000,240040,140300,451680,150400,87100,479000,59400,99200,139300,42300,0,0,0,0,0,0,0,0,0,1962518,0,0,0,0,0,0,0,0,0,45900,42300,41533620,1962518,0,0,0,0,0
000711.SZ,000711,20260325,94227000,42300,0,0,24614,0,,,99381082,425011146,44600,42300,44100,44500,42400,42500,42600,42700,42800,42900,43000,43100,43200,43300,367000,234540,140800,451680,150400,87100,479000,59400,99200,160200,42300,0,0,0,0,0,0,0,0,0,2023918,0,0,0,0,0,0,0,0,0,46000,42300,41395820,2023918,0,0,0,0,0
000711.SZ,000711,20260325,94230000,42400,0,0,24642,0,,,99463382,425359661,44600,42300,44100,44500,42400,42500,42600,42700,42800,42900,43000,43100,43200,43300,356800,263740,141300,451680,150400,99200,478000,59400,99200,160200,42300,0,0,0,0,0,0,0,0,0,2064518,0,0,0,0,0,0,0,0,0,45900,42300,41440620,2064518,0,0,0,0,0
000711.SZ,000711,20260325,94233000,42300,0,0,24678,0,,,99611982,425988843,44600,42300,44100,44500,42400,42500,42600,42700,42800,42900,43000,43100,43200,43300,293700,276540,139300,456480,150400,99200,481000,59400,99200,155300,42300,0,0,0,0,0,0,0,0,0,2040718,0,0,0,0,0,0,0,0,0,46000,42300,41446020,2040718,0,0,0,0,0
000711.SZ,000711,20260325,94236000,42300,0,0,24704,0,,,99706182,426387606,44600,42300,44100,44500,42400,42500,42600,42700,42800,42900,43000,43100,43200,43300,288600,281240,139700,456480,151900,101600,481000,59400,99200,155600,42300,0,0,0,0,0,0,0,0,0,2050518,0,0,0,0,0,0,0,0,0,46000,42300,41436620,2050518,0,0,0,0,0
000711.SZ,000711,20260325,94239000,42400,0,0,24737,0,,,99819582,426867889,44600,42300,44100,44500,42400,42500,42600,42700,42800,42900,43000,43100,43200,43300,257500,295840,138800,456480,149700,101600,484800,59800,99200,155600,42300,0,0,0,0,0,0,0,0,0,2104018,0,0,0,0,0,0,0,0,0,45900,42300,41530920,2104018,0,0,0,0,0
000711.SZ,000711,20260325,94242000,42300,0,0,24802,0,,,99937582,427367773,44600,42300,44100,44500,42400,42500,42600,42700,42800,42900,43000,43100,43200,43300,179200,305840,138800,456480,149700,101100,484900,59800,99200,155600,42300,0,0,0,0,0,0,0,0,0,2198818,0,0,0,0,0,0,0,0,0,46000,42300,41518320,2198818,0,0,0,0,0
000711.SZ,000711,20260325,94245000,42300,0,0,24861,0,,,100111082,428102288,44600,42300,44100,44500,42400,42500,42600,42700,42800,42900,43000,43100,43200,43300,230600,310340,150800,456480,149700,101100,484800,59800,94200,155600,42300,0,0,0,0,0,0,0,0,0,2131818,0,0,0,0,0,0,0,0,0,46000,42300,41587820,2131818,0,0,0,0,0
000711.SZ,000711,20260325,94248000,42300,0,0,24889,0,,,100249282,428686918,44600,42300,44100,44500,42400,42500,42600,42700,42800,42900,43000,43100,43200,43300,353300,286640,150400,456480,149700,111000,484800,61500,94200,155600,42300,0,0,0,0,0,0,0,0,0,2019118,0,0,0,0,0,0,0,0,0,45900,42300,41744520,2019118,0,0,0,0,0
000711.SZ,000711,20260325,94251000,42400,0,0,24959,0,,,100459982,429578425,44600,42300,44100,44500,42400,42500,42600,42700,42800,42900,43000,43100,43200,43300,327500,284340,150400,456480,149700,111000,484800,61500,94200,155600,42300,0,0,0,0,0,0,0,0,0,1929818,0,0,0,0,0,0,0,0,0,45900,42300,41733420,1929818,0,0,0,0,0
000711.SZ,000711,20260325,94254000,42300,0,0,24999,0,,,100577382,430075074,44600,42300,44100,44500,42400,42500,42600,42700,42800,42900,43000,43100,43200,43300,409900,214740,150400,456480,149700,112200,486800,61600,94200,161100,42300,0,0,0,0,0,0,0,0,0,2153418,0,0,0,0,0,0,0,0,0,45900,42300,41952420,2153418,0,0,0,0,0
000711.SZ,000711,20260325,94257000,42300,0,0,25033,0,,,100698582,430588218,44600,42300,44100,44500,42400,42500,42600,42700,42800,42900,43000,43100,43200,43300,466000,214740,150400,456480,149700,112200,486800,61600,94200,161100,42300,0,0,0,0,0,0,0,0,0,2120718,0,0,0,0,0,0,0,0,0,45900,42300,42009720,2120718,0,0,0,0,0
000711.SZ,000711,20260325,94300000,42300,0,0,25072,0,,,100807382,431048834,44600,42300,44100,44500,42400,42500,42600,42700,42800,42900,43000,43100,43200,43300,460400,184440,150400,460580,149700,117200,488600,61600,97200,161100,42300,0,0,0,0,0,0,0,0,0,2079418,0,0,0,0,0,0,0,0,0,45900,42300,42024520,2079418,0,0,0,0,0
000711.SZ,000711,20260325,94303000,42400,0,0,25091,0,,,100853782,431245183,44600,42300,44100,44500,42400,42500,42600,42700,42800,42900,43000,43100,43200,43300,487900,185140,150400,460480,149700,117200,489800,61600,97200,161100,42300,0,0,0,0,0,0,0,0,0,2090918,0,0,0,0,0,0,0,0,0,45900,42300,42114520,2090918,0,0,0,0,0
000711.SZ,000711,20260325,94306000,42300,0,0,25108,0,,,100888882,431393890,44600,42300,44100,44500,42400,42500,42600,42700,42800,42900,43000,43100,43200,43300,393600,186340,150400,460480,154100,117200,490000,61600,97200,161100,42300,0,0,0,0,0,0,0,0,0,2114318,0,0,0,0,0,0,0,0,0,45900,42300,42038920,2114318,0,0,0,0,0
000711.SZ,000711,20260325,94309000,42400,0,0,25157,0,,,101026582,431976891,44600,42300,44100,44500,42400,42500,42600,42700,42800,42900,43000,43100,43200,43300,348700,186340,151100,460480,154100,117200,490000,61600,97700,146200,42300,0,0,0,0,0,0,0,0,0,2073418,0,0,0,0,0,0,0,0,0,45900,42300,41939720,2073418,0,0,0,0,0
000711.SZ,000711,20260325,94312000,42400,0,0,25220,0,,,101360582,433391024,44600,42300,44100,44500,42400,42500,42600,42700,42800,42900,43000,43100,43200,43300,343300,191540,151100,460480,160400,117200,490000,100800,97700,146200,42300,0,0,0,0,0,0,0,0,0,1913318,0,0,0,0,0,0,0,0,0,45900,42300,41972020,1913318,0,0,0,0,0
000711.SZ,000711,20260325,94315000,42400,0,0,25309,0,,,101869082,435546010,44600,42300,44100,44500,42500,42600,42700,42800,42900,43000,43100,43200,43300,43400,190240,151100,460480,160400,117200,424000,100800,97700,146200,325000,42400,42300,0,0,0,0,0,0,0,0,30100,1837618,0,0,0,0,0,0,0,0,46000,42300,41538420,1867718,0,0,0,0,0
