万得代码,交易所代码,自然日,时间,成交价,成交量,成交额,成交笔数,IOPV,成交标志,BS标志,当日累计成交量,当日成交额,最高价,最低价,开盘价,前收盘,申卖价1,申卖价2,申卖价3,申卖价4,申卖价5,申卖价6,申卖价7,申卖价8,申卖价9,申卖价10,申卖量1,申卖量2,申卖量3,申卖量4,申卖量5,申卖量6,申卖量7,申卖量8,申卖量9,申卖量10,申买价1,申买价2,申买价3,申买价4,申买价5,申买价6,申买价7,申买价8,申买价9,申买价10,申买量1,申买量2,申买量3,申买量4,申买量5,申买量6,申买量7,申买量8,申买量9,申买量10,加权平均叫卖价,加权平均叫买价,叫卖总量,叫买总量,不加权指数,品种总数,上涨品种数,下跌品种数,持平品种数
688008.SH,688008,20260325,91403000,0,0,0,0,0,,,0,0,0,0,0,1375700,0,0,0,0,0,0,0,0,0,0,0,0,0,0,0,0,0,0,0,0,0,0,0,0,0,0,0,0,0,0,0,0,0,0,0,0,0,0,0,0,0,0,0,0,0,0,0,0,0
688008.SH,688008,20260325,91500000,0,0,0,0,0,,,0,0,0,0,0,1375700,0,0,0,0,0,0,0,0,0,0,0,0,0,0,0,0,0,0,0,0,0,0,0,0,0,0,0,0,0,0,0,0,0,0,0,0,0,0,0,0,1395000,1253200,200,400,0,0,0,0,0
688008.SH,688008,20260325,91503000,0,0,0,0,0,,,0,0,0,0,0,1375700,1379500,0,0,0,0,0,0,0,0,0,200,0,0,0,0,0,0,0,0,0,1379500,0,0,0,0,0,0,0,0,0,200,0,0,0,0,0,0,0,0,0,1523560,1305200,68797,17492,0,0,0,0,0
688008.SH,688008,20260325,91506000,0,0,0,0,0,,,0,0,0,0,0,1375700,1380000,0,0,0,0,0,0,0,0,0,7551,543,0,0,0,0,0,0,0,0,1380000,0,0,0,0,0,0,0,0,0,7551,0,0,0,0,0,0,0,0,0,1516090,1321520,215164,47752,0,0,0,0,0
688008.SH,688008,20260325,91509000,0,0,0,0,0,,,0,0,0,0,0,1375700,1380000,0,0,0,0,0,0,0,0,0,9817,2019,0,0,0,0,0,0,0,0,1380000,0,0,0,0,0,0,0,0,0,9817,0,0,0,0,0,0,0,0,0,1514500,1320570,357569,73516,0,0,0,0,0
688008.SH,688008,20260325,91512000,0,0,0,0,0,,,0,0,0,0,0,1375700,1382600,0,0,0,0,0,0,0,0,0,11517,11,0,0,0,0,0,0,0,0,1382600,0,0,0,0,0,0,0,0,0,11517,0,0,0,0,0,0,0,0,0,1516820,1320870,424747,98523,0,0,0,0,0
688008.SH,688008,20260325,91515000,0,0,0,0,0,,,0,0,0,0,0,1375700,1386000,0,0,0,0,0,0,0,0,0,12217,1721,0,0,0,0,0,0,0,0,1386000,0,0,0,0,0,0,0,0,0,12217,0,0,0,0,0,0,0,0,0,1515720,1318990,440133,132849,0,0,0,0,0
688008.SH,688008,20260325,91518000,0,0,0,0,0,,,0,0,0,0,0,1375700,1386300,0,0,0,0,0,0,0,0,0,13938,0,0,0,0,0,0,0,0,0,1386300,0,0,0,0,0,0,0,0,0,13938,317,0,0,0,0,0,0,0,0,1515450,1333330,453673,185628,0,0,0,0,0
688008.SH,688008,20260325,91521000,0,0,0,0,0,,,0,0,0,0,0,1375700,1386300,0,0,0,0,0,0,0,0,0,14938,0,0,0,0,0,0,0,0,0,1386300,0,0,0,0,0,0,0,0,0,14938,617,0,0,0,0,0,0,0,0,1515910,1335720,474920,195328,0,0,0,0,0
688008.SH,688008,20260325,91524000,0,0,0,0,0,,,0,0,0,0,0,1375700,1386300,0,0,0,0,0,0,0,0,0,14938,0,0,0,0,0,0,0,0,0,1386300,0,0,0,0,0,0,0,0,0,14938,617,0,0,0,0,0,0,0,0,1515870,1335500,475720,197498,0,0,0,0,0
688008.SH,688008,20260325,91527000,0,0,0,0,0,,,0,0,0,0,0,1375700,1386300,0,0,0,0,0,0,0,0,0,14938,0,0,0,0,0,0,0,0,0,1386300,0,0,0,0,0,0,0,0,0,14938,617,0,0,0,0,0,0,0,0,1515840,1335500,476320,197498,0,0,0,0,0
688008.SH,688008,20260325,91530000,0,0,0,0,0,,,0,0,0,0,0,1375700,1386300,0,0,0,0,0,0,0,0,0,14938,0,0,0,0,0,0,0,0,0,1386300,0,0,0,0,0,0,0,0,0,14938,1017,0,0,0,0,0,0,0,0,1515770,1336140,477120,197898,0,0,0,0,0
688008.SH,688008,20260325,91533000,0,0,0,0,0,,,0,0,0,0,0,1375700,1386300,0,0,0,0,0,0,0,0,0,14938,0,0,0,0,0,0,0,0,0,1386300,0,0,0,0,0,0,0,0,0,14938,1017,0,0,0,0,0,0,0,0,1515770,1335680,477120,198298,0,0,0,0,0
688008.SH,688008,20260325,91536000,0,0,0,0,0,,,0,0,0,0,0,1375700,1386300,0,0,0,0,0,0,0,0,0,14938,0,0,0,0,0,0,0,0,0,1386300,0,0,0,0,0,0,0,0,0,14938,1217,0,0,0,0,0,0,0,0,1515800,1335730,477520,198498,0,0,0,0,0
688008.SH,688008,20260325,91542000,0,0,0,0,0,,,0,0,0,0,0,1375700,1386300,0,0,0,0,0,0,0,0,0,14938,0,0,0,0,0,0,0,0,0,1386300,0,0,0,0,0,0,0,0,0,14938,1217,0,0,0,0,0,0,0,0,1515770,1335730,477720,198498,0,0,0,0,0
688008.SH,688008,20260325,91545000,0,0,0,0,0,,,0,0,0,0,0,1375700,1386300,0,0,0,0,0,0,0,0,0,14938,0,0,0,0,0,0,0,0,0,1386300,0,0,0,0,0,0,0,0,0,14938,1617,0,0,0,0,0,0,0,0,1515820,1335830,478120,198898,0,0,0,0,0
688008.SH,688008,20260325,91551000,0,0,0,0,0,,,0,0,0,0,0,1375700,1386300,0,0,0,0,0,0,0,0,0,15438,0,0,0,0,0,0,0,0,0,1386300,0,0,0,0,0,0,0,0,0,15438,2117,0,0,0,0,0,0,0,0,1515450,1336590,479620,200098,0,0,0,0,0
688008.SH,688008,20260325,91554000,0,0,0,0,0,,,0,0,0,0,0,1375700,1386300,0,0,0,0,0,0,0,0,0,15438,0,0,0,0,0,0,0,0,0,1386300,0,0,0,0,0,0,0,0,0,15438,2117,0,0,0,0,0,0,0,0,1515490,1336470,480420,200698,0,0,0,0,0
688008.SH,688008,20260325,91557000,0,0,0,0,0,,,0,0,0,0,0,1375700,1399800,0,0,0,0,0,0,0,0,0,21659,2045,0,0,0,0,0,0,0,0,1399800,0,0,0,0,0,0,0,0,0,21659,0,0,0,0,0,0,0,0,0,1515450,1357520,480620,218169,0,0,0,0,0
688008.SH,688008,20260325,91600000,0,0,0,0,0,,,0,0,0,0,0,1375700,1399800,0,0,0,0,0,0,0,0,0,21659,2045,0,0,0,0,0,0,0,0,1399800,0,0,0,0,0,0,0,0,0,21659,0,0,0,0,0,0,0,0,0,1515560,1357520,481020,218169,0,0,0,0,0
688008.SH,688008,20260325,91603000,0,0,0,0,0,,,0,0,0,0,0,1375700,1399800,0,0,0,0,0,0,0,0,0,22159,1765,0,0,0,0,0,0,0,0,1399800,0,0,0,0,0,0,0,0,0,22159,0,0,0,0,0,0,0,0,0,1515160,1357690,481940,218669,0,0,0,0,0
688008.SH,688008,20260325,91606000,0,0,0,0,0,,,0,0,0,0,0,1375700,1399800,0,0,0,0,0,0,0,0,0,23159,965,0,0,0,0,0,0,0,0,1399800,0,0,0,0,0,0,0,0,0,23159,0,0,0,0,0,0,0,0,0,1515080,1358800,482340,219669,0,0,0,0,0
688008.SH,688008,20260325,91609000,0,0,0,0,0,,,0,0,0,0,0,1375700,1399800,0,0,0,0,0,0,0,0,0,22959,1665,0,0,0,0,0,0,0,0,1399800,0,0,0,0,0,0,0,0,0,22959,0,0,0,0,0,0,0,0,0,1514890,1358760,483240,219469,0,0,0,0,0
688008.SH,688008,20260325,91612000,0,0,0,0,0,,,0,0,0,0,0,1375700,1400000,0,0,0,0,0,0,0,0,0,30284,3653,0,0,0,0,0,0,0,0,1400000,0,0,0,0,0,0,0,0,0,30284,0,0,0,0,0,0,0,0,0,1514720,1362340,484032,226794,0,0,0,0,0
688008.SH,688008,20260325,91618000,0,0,0,0,0,,,0,0,0,0,0,1375700,1400000,0,0,0,0,0,0,0,0,0,30284,3653,0,0,0,0,0,0,0,0,1400000,0,0,0,0,0,0,0,0,0,30284,0,0,0,0,0,0,0,0,0,1515360,1362340,486480,226794,0,0,0,0,0
688008.SH,688008,20260325,91621000,0,0,0,0,0,,,0,0,0,0,0,1375700,1400000,0,0,0,0,0,0,0,0,0,30584,3853,0,0,0,0,0,0,0,0,1400000,0,0,0,0,0,0,0,0,0,30584,0,0,0,0,0,0,0,0,0,1515240,1362400,486980,227094,0,0,0,0,0
688008.SH,688008,20260325,91624000,0,0,0,0,0,,,0,0,0,0,0,1375700,1400000,0,0,0,0,0,0,0,0,0,30584,3853,0,0,0,0,0,0,0,0,1400000,0,0,0,0,0,0,0,0,0,30584,0,0,0,0,0,0,0,0,0,1515180,1362400,487236,227094,0,0,0,0,0
688008.SH,688008,20260325,91627000,0,0,0,0,0,,,0,0,0,0,0,1375700,1400000,0,0,0,0,0,0,0,0,0,30784,3653,0,0,0,0,0,0,0,0,1400000,0,0,0,0,0,0,0,0,0,30784,0,0,0,0,0,0,0,0,0,1515080,1362470,487736,227544,0,0,0,0,0
688008.SH,688008,20260325,91630000,0,0,0,0,0,,,0,0,0,0,0,1375700,1400000,0,0,0,0,0,0,0,0,0,31984,2453,0,0,0,0,0,0,0,0,1400000,0,0,0,0,0,0,0,0,0,31984,0,0,0,0,0,0,0,0,0,1515050,1362660,488136,228744,0,0,0,0,0
688008.SH,688008,20260325,91633000,0,0,0,0,0,,,0,0,0,0,0,1375700,1400000,0,0,0,0,0,0,0,0,0,31984,2753,0,0,0,0,0,0,0,0,1400000,0,0,0,0,0,0,0,0,0,31984,0,0,0,0,0,0,0,0,0,1515190,1362630,489836,228944,0,0,0,0,0
688008.SH,688008,20260325,91639000,0,0,0,0,0,,,0,0,0,0,0,1375700,1400000,0,0,0,0,0,0,0,0,0,31984,2953,0,0,0,0,0,0,0,0,1400000,0,0,0,0,0,0,0,0,0,31984,0,0,0,0,0,0,0,0,0,1515170,1362630,490136,228944,0,0,0,0,0
688008.SH,688008,20260325,91642000,0,0,0,0,0,,,0,0,0,0,0,1375700,1400000,0,0,0,0,0,0,0,0,0,31984,3053,0,0,0,0,0,0,0,0,1400000,0,0,0,0,0,0,0,0,0,31984,0,0,0,0,0,0,0,0,0,1515040,1362630,492556,228944,0,0,0,0,0
688008.SH,688008,20260325,91645000,0,0,0,0,0,,,0,0,0,0,0,1375700,1400000,0,0,0,0,0,0,0,0,0,31984,3353,0,0,0,0,0,0,0,0,1400000,0,0,0,0,0,0,0,0,0,31984,0,0,0,0,0,0,0,0,0,1522300,1362570,523156,229244,0,0,0,0,0
688008.SH,688008,20260325,91648000,0,0,0,0,0,,,0,0,0,0,0,1375700,1400000,0,0,0,0,0,0,0,0,0,31984,3253,0,0,0,0,0,0,0,0,1400000,0,0,0,0,0,0,0,0,0,31984,0,0,0,0,0,0,0,0,0,1522410,1362570,522656,229244,0,0,0,0,0
688008.SH,688008,20260325,91651000,0,0,0,0,0,,,0,0,0,0,0,1375700,1400000,0,0,0,0,0,0,0,0,0,31984,3253,0,0,0,0,0,0,0,0,1400000,0,0,0,0,0,0,0,0,0,31984,0,0,0,0,0,0,0,0,0,1522180,1362590,524212,229844,0,0,0,0,0
688008.SH,688008,20260325,91654000,0,0,0,0,0,,,0,0,0,0,0,1375700,1400000,0,0,0,0,0,0,0,0,0,32184,3386,0,0,0,0,0,0,0,0,1400000,0,0,0,0,0,0,0,0,0,32184,0,0,0,0,0,0,0,0,0,1522040,1362630,525281,230044,0,0,0,0,0
688008.SH,688008,20260325,91657000,0,0,0,0,0,,,0,0,0,0,0,1375700,1400000,0,0,0,0,0,0,0,0,0,32184,4986,0,0,0,0,0,0,0,0,1400000,0,0,0,0,0,0,0,0,0,32184,0,0,0,0,0,0,0,0,0,1521810,1362630,535281,230044,0,0,0,0,0
688008.SH,688008,20260325,91700000,0,0,0,0,0,,,0,0,0,0,0,1375700,1400000,0,0,0,0,0,0,0,0,0,32184,4986,0,0,0,0,0,0,0,0,1400000,0,0,0,0,0,0,0,0,0,32184,0,0,0,0,0,0,0,0,0,1522030,1362620,537481,230244,0,0,0,0,0
688008.SH,688008,20260325,91703000,0,0,0,0,0,,,0,0,0,0,0,1375700,1400000,0,0,0,0,0,0,0,0,0,32384,5386,0,0,0,0,0,0,0,0,1400000,0,0,0,0,0,0,0,0,0,32384,0,0,0,0,0,0,0,0,0,1521880,1362740,537701,229444,0,0,0,0,0
688008.SH,688008,20260325,91706000,0,0,0,0,0,,,0,0,0,0,0,1375700,1400000,0,0,0,0,0,0,0,0,0,32384,5386,0,0,0,0,0,0,0,0,1400000,0,0,0,0,0,0,0,0,0,32384,0,0,0,0,0,0,0,0,0,1521820,1362740,537537,229444,0,0,0,0,0
688008.SH,688008,20260325,91709000,0,0,0,0,0,,,0,0,0,0,0,1375700,1400000,0,0,0,0,0,0,0,0,0,33862,4908,0,0,0,0,0,0,0,0,1400000,0,0,0,0,0,0,0,0,0,33862,0,0,0,0,0,0,0,0,0,1521790,1364580,539937,230922,0,0,0,0,0
688008.SH,688008,20260325,91712000,0,0,0,0,0,,,0,0,0,0,0,1375700,1400000,0,0,0,0,0,0,0,0,0,34316,4937,0,0,0,0,0,0,0,0,1400000,0,0,0,0,0,0,0,0,0,34316,0,0,0,0,0,0,0,0,0,1521600,1364670,541120,231376,0,0,0,0,0
688008.SH,688008,20260325,91715000,0,0,0,0,0,,,0,0,0,0,0,1375700,1400000,0,0,0,0,0,0,0,0,0,34516,4938,0,0,0,0,0,0,0,0,1400000,0,0,0,0,0,0,0,0,0,34516,0,0,0,0,0,0,0,0,0,1521650,1364610,543921,232576,0,0,0,0,0
688008.SH,688008,20260325,91718000,0,0,0,0,0,,,0,0,0,0,0,1375700,1400000,0,0,0,0,0,0,0,0,0,34516,5638,0,0,0,0,0,0,0,0,1400000,0,0,0,0,0,0,0,0,0,34516,0,0,0,0,0,0,0,0,0,1521460,1364610,544821,232576,0,0,0,0,0
688008.SH,688008,20260325,91721000,0,0,0,0,0,,,0,0,0,0,0,1375700,1400000,0,0,0,0,0,0,0,0,0,34516,6082,0,0,0,0,0,0,0,0,1400000,0,0,0,0,0,0,0,0,0,34516,0,0,0,0,0,0,0,0,0,1521070,1364610,549849,232776,0,0,0,0,0
688008.SH,688008,20260325,91724000,0,0,0,0,0,,,0,0,0,0,0,1375700,1400000,0,0,0,0,0,0,0,0,0,34875,9723,0,0,0,0,0,0,0,0,1400000,0,0,0,0,0,0,0,0,0,34875,0,0,0,0,0,0,0,0,0,1520170,1364660,554049,233135,0,0,0,0,0
688008.SH,688008,20260325,91727000,0,0,0,0,0,,,0,0,0,0,0,1375700,1400000,0,0,0,0,0,0,0,0,0,34875,10142,0,0,0,0,0,0,0,0,1400000,0,0,0,0,0,0,0,0,0,34875,0,0,0,0,0,0,0,0,0,1520030,1364660,554668,233135,0,0,0,0,0
688008.SH,688008,20260325,91730000,0,0,0,0,0,,,0,0,0,0,0,1375700,1400000,0,0,0,0,0,0,0,0,0,34875,10142,0,0,0,0,0,0,0,0,1400000,0,0,0,0,0,0,0,0,0,34875,0,0,0,0,0,0,0,0,0,1519930,1364660,555168,233135,0,0,0,0,0
688008.SH,688008,20260325,91733000,0,0,0,0,0,,,0,0,0,0,0,1375700,1400000,0,0,0,0,0,0,0,0,0,34875,10842,0,0,0,0,0,0,0,0,1400000,0,0,0,0,0,0,0,0,0,34875,0,0,0,0,0,0,0,0,0,1519710,1364840,556268,235744,0,0,0,0,0
688008.SH,688008,20260325,91736000,0,0,0,0,0,,,0,0,0,0,0,1375700,1400000,0,0,0,0,0,0,0,0,0,34875,11342,0,0,0,0,0,0,0,0,1400000,0,0,0,0,0,0,0,0,0,34875,0,0,0,0,0,0,0,0,0,1519430,1364660,557668,237344,0,0,0,0,0
688008.SH,688008,20260325,91739000,0,0,0,0,0,,,0,0,0,0,0,1375700,1400000,0,0,0,0,0,0,0,0,0,34875,15253,0,0,0,0,0,0,0,0,1400000,0,0,0,0,0,0,0,0,0,34875,0,0,0,0,0,0,0,0,0,1519780,1364680,566579,237544,0,0,0,0,0
688008.SH,688008,20260325,91742000,0,0,0,0,0,,,0,0,0,0,0,1375700,1400000,0,0,0,0,0,0,0,0,0,34875,15253,0,0,0,0,0,0,0,0,1400000,0,0,0,0,0,0,0,0,0,34875,0,0,0,0,0,0,0,0,0,1519820,1364500,567879,238544,0,0,0,0,0
688008.SH,688008,20260325,91745000,0,0,0,0,0,,,0,0,0,0,0,1375700,1400000,0,0,0,0,0,0,0,0,0,34875,15453,0,0,0,0,0,0,0,0,1400000,0,0,0,0,0,0,0,0,0,34875,0,0,0,0,0,0,0,0,0,1519720,1364500,568873,238544,0,0,0,0,0
688008.SH,688008,20260325,91748000,0,0,0,0,0,,,0,0,0,0,0,1375700,1400000,0,0,0,0,0,0,0,0,0,34875,15653,0,0,0,0,0,0,0,0,1400000,0,0,0,0,0,0,0,0,0,34875,0,0,0,0,0,0,0,0,0,1519600,1364500,569973,238544,0,0,0,0,0
688008.SH,688008,20260325,91751000,0,0,0,0,0,,,0,0,0,0,0,1375700,1400000,0,0,0,0,0,0,0,0,0,34875,15653,0,0,0,0,0,0,0,0,1400000,0,0,0,0,0,0,0,0,0,34875,0,0,0,0,0,0,0,0,0,1519520,1364500,570644,238544,0,0,0,0,0
688008.SH,688008,20260325,91757000,0,0,0,0,0,,,0,0,0,0,0,1375700,1400000,0,0,0,0,0,0,0,0,0,34875,17653,0,0,0,0,0,0,0,0,1400000,0,0,0,0,0,0,0,0,0,34875,0,0,0,0,0,0,0,0,0,1519370,1364500,584444,238544,0,0,0,0,0
688008.SH,688008,20260325,91800000,0,0,0,0,0,,,0,0,0,0,0,1375700,1400000,0,0,0,0,0,0,0,0,0,34875,17653,0,0,0,0,0,0,0,0,1400000,0,0,0,0,0,0,0,0,0,34875,0,0,0,0,0,0,0,0,0,1519080,1364640,590644,239344,0,0,0,0,0
688008.SH,688008,20260325,91803000,0,0,0,0,0,,,0,0,0,0,0,1375700,1400000,0,0,0,0,0,0,0,0,0,34875,18153,0,0,0,0,0,0,0,0,1400000,0,0,0,0,0,0,0,0,0,34875,0,0,0,0,0,0,0,0,0,1518940,1364640,591344,239344,0,0,0,0,0
688008.SH,688008,20260325,91806000,0,0,0,0,0,,,0,0,0,0,0,1375700,1400000,0,0,0,0,0,0,0,0,0,34875,14242,0,0,0,0,0,0,0,0,1400000,0,0,0,0,0,0,0,0,0,34875,0,0,0,0,0,0,0,0,0,1519700,1364620,587833,239544,0,0,0,0,0
688008.SH,688008,20260325,91809000,0,0,0,0,0,,,0,0,0,0,0,1375700,1400000,0,0,0,0,0,0,0,0,0,34875,14442,0,0,0,0,0,0,0,0,1400000,0,0,0,0,0,0,0,0,0,34875,0,0,0,0,0,0,0,0,0,1519540,1364620,589233,239544,0,0,0,0,0
688008.SH,688008,20260325,91812000,0,0,0,0,0,,,0,0,0,0,0,1375700,1400000,0,0,0,0,0,0,0,0,0,34875,14911,0,0,0,0,0,0,0,0,1400000,0,0,0,0,0,0,0,0,0,34875,0,0,0,0,0,0,0,0,0,1519140,1364620,591002,239544,0,0,0,0,0
688008.SH,688008,20260325,91815000,0,0,0,0,0,,,0,0,0,0,0,1375700,1400000,0,0,0,0,0,0,0,0,0,34875,14911,0,0,0,0,0,0,0,0,1400000,0,0,0,0,0,0,0,0,0,34875,0,0,0,0,0,0,0,0,0,1519190,1364620,593002,239544,0,0,0,0,0
688008.SH,688008,20260325,91818000,0,0,0,0,0,,,0,0,0,0,0,1375700,1400000,0,0,0,0,0,0,0,0,0,34875,14911,0,0,0,0,0,0,0,0,1400000,0,0,0,0,0,0,0,0,0,34875,0,0,0,0,0,0,0,0,0,1519180,1364620,593850,239544,0,0,0,0,0
688008.SH,688008,20260325,91821000,0,0,0,0,0,,,0,0,0,0,0,1375700,1400000,0,0,0,0,0,0,0,0,0,35375,15211,0,0,0,0,0,0,0,0,1400000,0,0,0,0,0,0,0,0,0,35375,0,0,0,0,0,0,0,0,0,1519440,1364690,603690,240044,0,0,0,0,0
688008.SH,688008,20260325,91824000,0,0,0,0,0,,,0,0,0,0,0,1375700,1400000,0,0,0,0,0,0,0,0,0,35375,18622,0,0,0,0,0,0,0,0,1400000,0,0,0,0,0,0,0,0,0,35375,0,0,0,0,0,0,0,0,0,1516540,1364700,610235,239844,0,0,0,0,0
688008.SH,688008,20260325,91827000,0,0,0,0,0,,,0,0,0,0,0,1375700,1400000,0,0,0,0,0,0,0,0,0,35575,18622,0,0,0,0,0,0,0,0,1400000,0,0,0,0,0,0,0,0,0,35575,0,0,0,0,0,0,0,0,0,1516390,1364740,612587,240044,0,0,0,0,0
688008.SH,688008,20260325,91830000,0,0,0,0,0,,,0,0,0,0,0,1375700,1400000,0,0,0,0,0,0,0,0,0,35575,19022,0,0,0,0,0,0,0,0,1400000,0,0,0,0,0,0,0,0,0,35575,0,0,0,0,0,0,0,0,0,1516470,1364740,615787,240044,0,0,0,0,0
688008.SH,688008,20260325,91833000,0,0,0,0,0,,,0,0,0,0,0,1375700,1399600,0,0,0,0,0,0,0,0,0,35575,71,0,0,0,0,0,0,0,0,1399600,0,0,0,0,0,0,0,0,0,35575,0,0,0,0,0,0,0,0,0,1514970,1364840,623787,241044,0,0,0,0,0
688008.SH,688008,20260325,91836000,0,0,0,0,0,,,0,0,0,0,0,1375700,1399600,0,0,0,0,0,0,0,0,0,35575,71,0,0,0,0,0,0,0,0,1399600,0,0,0,0,0,0,0,0,0,35575,0,0,0,0,0,0,0,0,0,1514920,1364840,624587,241044,0,0,0,0,0
688008.SH,688008,20260325,91839000,0,0,0,0,0,,,0,0,0,0,0,1375700,1399600,0,0,0,0,0,0,0,0,0,35575,71,0,0,0,0,0,0,0,0,1399600,0,0,0,0,0,0,0,0,0,35575,0,0,0,0,0,0,0,0,0,1514910,1364830,624787,241544,0,0,0,0,0
688008.SH,688008,20260325,91842000,0,0,0,0,0,,,0,0,0,0,0,1375700,1399700,0,0,0,0,0,0,0,0,0,35975,171,0,0,0,0,0,0,0,0,1399700,0,0,0,0,0,0,0,0,0,35975,0,0,0,0,0,0,0,0,0,1514770,1365300,625887,241944,0,0,0,0,0
688008.SH,688008,20260325,91845000,0,0,0,0,0,,,0,0,0,0,0,1375700,1399700,0,0,0,0,0,0,0,0,0,35975,171,0,0,0,0,0,0,0,0,1399700,0,0,0,0,0,0,0,0,0,35975,0,0,0,0,0,0,0,0,0,1514710,1365300,626587,241944,0,0,0,0,0
688008.SH,688008,20260325,91848000,0,0,0,0,0,,,0,0,0,0,0,1375700,1399700,0,0,0,0,0,0,0,0,0,35975,171,0,0,0,0,0,0,0,0,1399700,0,0,0,0,0,0,0,0,0,35975,0,0,0,0,0,0,0,0,0,1514440,1365300,628370,241944,0,0,0,0,0
688008.SH,688008,20260325,91851000,0,0,0,0,0,,,0,0,0,0,0,1375700,1399700,0,0,0,0,0,0,0,0,0,35975,471,0,0,0,0,0,0,0,0,1399700,0,0,0,0,0,0,0,0,0,35975,0,0,0,0,0,0,0,0,0,1514280,1365300,629370,241944,0,0,0,0,0
688008.SH,688008,20260325,91854000,0,0,0,0,0,,,0,0,0,0,0,1375700,1399900,0,0,0,0,0,0,0,0,0,35975,1217,0,0,0,0,0,0,0,0,1399900,0,0,0,0,0,0,0,0,0,35975,0,0,0,0,0,0,0,0,0,1517540,1365350,626159,242344,0,0,0,0,0
688008.SH,688008,20260325,91857000,0,0,0,0,0,,,0,0,0,0,0,1375700,1399900,0,0,0,0,0,0,0,0,0,35775,1417,0,0,0,0,0,0,0,0,1399900,0,0,0,0,0,0,0,0,0,35775,0,0,0,0,0,0,0,0,0,1517540,1365310,626159,242144,0,0,0,0,0
688008.SH,688008,20260325,91900000,0,0,0,0,0,,,0,0,0,0,0,1375700,1400000,0,0,0,0,0,0,0,0,0,38975,18811,0,0,0,0,0,0,0,0,1400000,0,0,0,0,0,0,0,0,0,38975,0,0,0,0,0,0,0,0,0,1517470,1366960,627159,245544,0,0,0,0,0
688008.SH,688008,20260325,91903000,0,0,0,0,0,,,0,0,0,0,0,1375700,1400000,0,0,0,0,0,0,0,0,0,38975,19011,0,0,0,0,0,0,0,0,1400000,0,0,0,0,0,0,0,0,0,38975,0,0,0,0,0,0,0,0,0,1517430,1366890,628359,245944,0,0,0,0,0
688008.SH,688008,20260325,91906000,0,0,0,0,0,,,0,0,0,0,0,1375700,1400000,0,0,0,0,0,0,0,0,0,38975,19211,0,0,0,0,0,0,0,0,1400000,0,0,0,0,0,0,0,0,0,38975,0,0,0,0,0,0,0,0,0,1517220,1366880,629959,245744,0,0,0,0,0
688008.SH,688008,20260325,91909000,0,0,0,0,0,,,0,0,0,0,0,1375700,1400000,0,0,0,0,0,0,0,0,0,38975,19211,0,0,0,0,0,0,0,0,1400000,0,0,0,0,0,0,0,0,0,38975,0,0,0,0,0,0,0,0,0,1517190,1366880,630359,245744,0,0,0,0,0
688008.SH,688008,20260325,91912000,0,0,0,0,0,,,0,0,0,0,0,1375700,1400000,0,0,0,0,0,0,0,0,0,38975,20222,0,0,0,0,0,0,0,0,1400000,0,0,0,0,0,0,0,0,0,38975,0,0,0,0,0,0,0,0,0,1516100,1367090,662869,246144,0,0,0,0,0
688008.SH,688008,20260325,91915000,0,0,0,0,0,,,0,0,0,0,0,1375700,1400000,0,0,0,0,0,0,0,0,0,38975,19711,0,0,0,0,0,0,0,0,1400000,0,0,0,0,0,0,0,0,0,38975,0,0,0,0,0,0,0,0,0,1516210,1367090,663412,246144,0,0,0,0,0
688008.SH,688008,20260325,91918000,0,0,0,0,0,,,0,0,0,0,0,1375700,1399900,0,0,0,0,0,0,0,0,0,38975,817,0,0,0,0,0,0,0,0,1399900,0,0,0,0,0,0,0,0,0,38975,0,0,0,0,0,0,0,0,0,1515770,1367090,665906,246144,0,0,0,0,0
688008.SH,688008,20260325,91921000,0,0,0,0,0,,,0,0,0,0,0,1375700,1399900,0,0,0,0,0,0,0,0,0,38975,817,0,0,0,0,0,0,0,0,1399900,0,0,0,0,0,0,0,0,0,38975,0,0,0,0,0,0,0,0,0,1516570,1367090,671121,246144,0,0,0,0,0
688008.SH,688008,20260325,91924000,0,0,0,0,0,,,0,0,0,0,0,1375700,1399900,0,0,0,0,0,0,0,0,0,39175,617,0,0,0,0,0,0,0,0,1399900,0,0,0,0,0,0,0,0,0,39175,0,0,0,0,0,0,0,0,0,1516570,1367340,671121,246744,0,0,0,0,0
688008.SH,688008,20260325,91927000,0,0,0,0,0,,,0,0,0,0,0,1375700,1399900,0,0,0,0,0,0,0,0,0,39175,617,0,0,0,0,0,0,0,0,1399900,0,0,0,0,0,0,0,0,0,39175,0,0,0,0,0,0,0,0,0,1520730,1367400,723121,246405,0,0,0,0,0
688008.SH,688008,20260325,91930000,0,0,0,0,0,,,0,0,0,0,0,1375700,1399900,0,0,0,0,0,0,0,0,0,39175,617,0,0,0,0,0,0,0,0,1399900,0,0,0,0,0,0,0,0,0,39175,0,0,0,0,0,0,0,0,0,1520710,1367400,724321,246405,0,0,0,0,0
688008.SH,688008,20260325,91933000,0,0,0,0,0,,,0,0,0,0,0,1375700,1399900,0,0,0,0,0,0,0,0,0,39175,1017,0,0,0,0,0,0,0,0,1399900,0,0,0,0,0,0,0,0,0,39175,0,0,0,0,0,0,0,0,0,1520430,1367400,727581,246405,0,0,0,0,0
688008.SH,688008,20260325,91936000,0,0,0,0,0,,,0,0,0,0,0,1375700,1399900,0,0,0,0,0,0,0,0,0,39175,1288,0,0,0,0,0,0,0,0,1399900,0,0,0,0,0,0,0,0,0,39175,0,0,0,0,0,0,0,0,0,1520330,1367400,728352,246405,0,0,0,0,0
688008.SH,688008,20260325,91939000,0,0,0,0,0,,,0,0,0,0,0,1375700,1399900,0,0,0,0,0,0,0,0,0,39775,1688,0,0,0,0,0,0,0,0,1399900,0,0,0,0,0,0,0,0,0,39775,0,0,0,0,0,0,0,0,0,1520140,1367680,729752,249305,0,0,0,0,0
688008.SH,688008,20260325,91942000,0,0,0,0,0,,,0,0,0,0,0,1375700,1399800,0,0,0,0,0,0,0,0,0,39975,382,0,0,0,0,0,0,0,0,1399800,0,0,0,0,0,0,0,0,0,39975,0,0,0,0,0,0,0,0,0,1519900,1367710,731072,249505,0,0,0,0,0
688008.SH,688008,20260325,91945000,0,0,0,0,0,,,0,0,0,0,0,1375700,1399800,0,0,0,0,0,0,0,0,0,39975,582,0,0,0,0,0,0,0,0,1399800,0,0,0,0,0,0,0,0,0,39975,0,0,0,0,0,0,0,0,0,1519760,1367710,731972,249905,0,0,0,0,0
688008.SH,688008,20260325,91948000,0,0,0,0,0,,,0,0,0,0,0,1375700,1399800,0,0,0,0,0,0,0,0,0,39975,1282,0,0,0,0,0,0,0,0,1399800,0,0,0,0,0,0,0,0,0,39975,0,0,0,0,0,0,0,0,0,1519560,1367710,733387,249905,0,0,0,0,0
688008.SH,688008,20260325,91951000,0,0,0,0,0,,,0,0,0,0,0,1375700,1399800,0,0,0,0,0,0,0,0,0,40375,1882,0,0,0,0,0,0,0,0,1399800,0,0,0,0,0,0,0,0,0,40375,0,0,0,0,0,0,0,0,0,1519170,1367810,735987,251305,0,0,0,0,0
688008.SH,688008,20260325,91954000,0,0,0,0,0,,,0,0,0,0,0,1375700,1399800,0,0,0,0,0,0,0,0,0,40375,1882,0,0,0,0,0,0,0,0,1399800,0,0,0,0,0,0,0,0,0,40375,0,0,0,0,0,0,0,0,0,1519090,1367810,738387,251305,0,0,0,0,0
688008.SH,688008,20260325,91957000,0,0,0,0,0,,,0,0,0,0,0,1375700,1399800,0,0,0,0,0,0,0,0,0,40375,2282,0,0,0,0,0,0,0,0,1399800,0,0,0,0,0,0,0,0,0,40375,0,0,0,0,0,0,0,0,0,1519220,1367810,738087,251305,0,0,0,0,0
688008.SH,688008,20260325,92000000,0,0,0,0,0,,,0,0,0,0,0,1375700,1397900,0,0,0,0,0,0,0,0,0,26504,51,0,0,0,0,0,0,0,0,1397900,0,0,0,0,0,0,0,0,0,26504,0,0,0,0,0,0,0,0,0,1519140,1351020,739687,237234,0,0,0,0,0
688008.SH,688008,20260325,92003000,0,0,0,0,0,,,0,0,0,0,0,1375700,1395800,0,0,0,0,0,0,0,0,0,27535,0,0,0,0,0,0,0,0,0,1395800,0,0,0,0,0,0,0,0,0,27535,869,0,0,0,0,0,0,0,0,1518370,1351020,745026,237234,0,0,0,0,0
688008.SH,688008,20260325,92006000,0,0,0,0,0,,,0,0,0,0,0,1375700,1395800,0,0,0,0,0,0,0,0,0,28135,0,0,0,0,0,0,0,0,0,1395800,0,0,0,0,0,0,0,0,0,28135,469,0,0,0,0,0,0,0,0,1518210,1351100,745826,237434,0,0,0,0,0
688008.SH,688008,20260325,92009000,0,0,0,0,0,,,0,0,0,0,0,1375700,1395700,0,0,0,0,0,0,0,0,0,29185,10,0,0,0,0,0,0,0,0,1395700,0,0,0,0,0,0,0,0,0,29185,0,0,0,0,0,0,0,0,0,1517970,1351270,747586,238015,0,0,0,0,0
688008.SH,688008,20260325,92012000,0,0,0,0,0,,,0,0,0,0,0,1375700,1395800,0,0,0,0,0,0,0,0,0,29195,0,0,0,0,0,0,0,0,0,1395800,0,0,0,0,0,0,0,0,0,29195,190,0,0,0,0,0,0,0,0,1517860,1351310,748786,238215,0,0,0,0,0
688008.SH,688008,20260325,92015000,0,0,0,0,0,,,0,0,0,0,0,1375700,1395800,0,0,0,0,0,0,0,0,0,29195,0,0,0,0,0,0,0,0,0,1395800,0,0,0,0,0,0,0,0,0,29195,190,0,0,0,0,0,0,0,0,1517830,1351310,750084,238215,0,0,0,0,0
688008.SH,688008,20260325,92018000,0,0,0,0,0,,,0,0,0,0,0,1375700,1395800,0,0,0,0,0,0,0,0,0,30195,0,0,0,0,0,0,0,0,0,1395800,0,0,0,0,0,0,0,0,0,30195,190,0,0,0,0,0,0,0,0,1517940,1351550,754169,239415,0,0,0,0,0
688008.SH,688008,20260325,92021000,0,0,0,0,0,,,0,0,0,0,0,1375700,1395800,0,0,0,0,0,0,0,0,0,30195,0,0,0,0,0,0,0,0,0,1395800,0,0,0,0,0,0,0,0,0,30195,190,0,0,0,0,0,0,0,0,1517890,1351550,754669,239415,0,0,0,0,0
688008.SH,688008,20260325,92024000,0,0,0,0,0,,,0,0,0,0,0,1375700,1395700,0,0,0,0,0,0,0,0,0,30385,10,0,0,0,0,0,0,0,0,1395700,0,0,0,0,0,0,0,0,0,30385,0,0,0,0,0,0,0,0,0,1518570,1351600,764069,240315,0,0,0,0,0
688008.SH,688008,20260325,92027000,0,0,0,0,0,,,0,0,0,0,0,1375700,1395700,0,0,0,0,0,0,0,0,0,30385,10,0,0,0,0,0,0,0,0,1395700,0,0,0,0,0,0,0,0,0,30385,0,0,0,0,0,0,0,0,0,1518580,1351610,765378,240615,0,0,0,0,0
688008.SH,688008,20260325,92030000,0,0,0,0,0,,,0,0,0,0,0,1375700,1395700,0,0,0,0,0,0,0,0,0,30385,210,0,0,0,0,0,0,0,0,1395700,0,0,0,0,0,0,0,0,0,30385,0,0,0,0,0,0,0,0,0,1518480,1351590,766519,240815,0,0,0,0,0
688008.SH,688008,20260325,92033000,0,0,0,0,0,,,0,0,0,0,0,1375700,1395700,0,0,0,0,0,0,0,0,0,30385,410,0,0,0,0,0,0,0,0,1395700,0,0,0,0,0,0,0,0,0,30385,0,0,0,0,0,0,0,0,0,1518310,1351370,768016,241815,0,0,0,0,0
688008.SH,688008,20260325,92036000,0,0,0,0,0,,,0,0,0,0,0,1375700,1395700,0,0,0,0,0,0,0,0,0,30685,310,0,0,0,0,0,0,0,0,1395700,0,0,0,0,0,0,0,0,0,30685,0,0,0,0,0,0,0,0,0,1518020,1351740,770916,242115,0,0,0,0,0
688008.SH,688008,20260325,92039000,0,0,0,0,0,,,0,0,0,0,0,1375700,1393000,0,0,0,0,0,0,0,0,0,30685,46,0,0,0,0,0,0,0,0,1393000,0,0,0,0,0,0,0,0,0,30685,0,0,0,0,0,0,0,0,0,1517190,1351740,776802,242115,0,0,0,0,0
688008.SH,688008,20260325,92042000,0,0,0,0,0,,,0,0,0,0,0,1375700,1393000,0,0,0,0,0,0,0,0,0,30685,46,0,0,0,0,0,0,0,0,1393000,0,0,0,0,0,0,0,0,0,30685,0,0,0,0,0,0,0,0,0,1517480,1351740,779203,242115,0,0,0,0,0
688008.SH,688008,20260325,92045000,0,0,0,0,0,,,0,0,0,0,0,1375700,1395000,0,0,0,0,0,0,0,0,0,32685,646,0,0,0,0,0,0,0,0,1395000,0,0,0,0,0,0,0,0,0,32685,0,0,0,0,0,0,0,0,0,1517450,1352140,779503,244115,0,0,0,0,0
688008.SH,688008,20260325,92048000,0,0,0,0,0,,,0,0,0,0,0,1375700,1395000,0,0,0,0,0,0,0,0,0,32985,606,0,0,0,0,0,0,0,0,1395000,0,0,0,0,0,0,0,0,0,32985,0,0,0,0,0,0,0,0,0,1516450,1352320,786477,245140,0,0,0,0,0
688008.SH,688008,20260325,92051000,0,0,0,0,0,,,0,0,0,0,0,1375700,1395800,0,0,0,0,0,0,0,0,0,35841,0,0,0,0,0,0,0,0,0,1395800,0,0,0,0,0,0,0,0,0,35841,1144,0,0,0,0,0,0,0,0,1516360,1353090,787317,249140,0,0,0,0,0
688008.SH,688008,20260325,92054000,0,0,0,0,0,,,0,0,0,0,0,1375700,1396000,0,0,0,0,0,0,0,0,0,37277,14,0,0,0,0,0,0,0,0,1396000,0,0,0,0,0,0,0,0,0,37277,0,0,0,0,0,0,0,0,0,1516040,1353750,789567,252093,0,0,0,0,0
688008.SH,688008,20260325,92057000,0,0,0,0,0,,,0,0,0,0,0,1375700,1395800,0,0,0,0,0,0,0,0,0,38691,0,0,0,0,0,0,0,0,0,1395800,0,0,0,0,0,0,0,0,0,38691,547,0,0,0,0,0,0,0,0,1515540,1353750,794167,252093,0,0,0,0,0
688008.SH,688008,20260325,92100000,0,0,0,0,0,,,0,0,0,0,0,1375700,1395800,0,0,0,0,0,0,0,0,0,40191,0,0,0,0,0,0,0,0,0,1395800,0,0,0,0,0,0,0,0,0,40191,47,0,0,0,0,0,0,0,0,1515270,1353730,796167,253493,0,0,0,0,0
688008.SH,688008,20260325,92103000,0,0,0,0,0,,,0,0,0,0,0,1375700,1395800,0,0,0,0,0,0,0,0,0,43191,0,0,0,0,0,0,0,0,0,1395800,0,0,0,0,0,0,0,0,0,43191,147,0,0,0,0,0,0,0,0,1514550,1354290,803082,256593,0,0,0,0,0
688008.SH,688008,20260325,92106000,0,0,0,0,0,,,0,0,0,0,0,1375700,1395800,0,0,0,0,0,0,0,0,0,43338,53,0,0,0,0,0,0,0,0,1395800,0,0,0,0,0,0,0,0,0,43338,0,0,0,0,0,0,0,0,0,1514610,1354330,803782,256973,0,0,0,0,0
688008.SH,688008,20260325,92109000,0,0,0,0,0,,,0,0,0,0,0,1375700,1395700,0,0,0,0,0,0,0,0,0,43738,153,0,0,0,0,0,0,0,0,1395700,0,0,0,0,0,0,0,0,0,43738,0,0,0,0,0,0,0,0,0,1513810,1354360,814354,257173,0,0,0,0,0
688008.SH,688008,20260325,92112000,0,0,0,0,0,,,0,0,0,0,0,1375700,1395800,0,0,0,0,0,0,0,0,0,43938,353,0,0,0,0,0,0,0,0,1395800,0,0,0,0,0,0,0,0,0,43938,0,0,0,0,0,0,0,0,0,1513780,1349910,814754,287773,0,0,0,0,0
688008.SH,688008,20260325,92115000,0,0,0,0,0,,,0,0,0,0,0,1375700,1395800,0,0,0,0,0,0,0,0,0,43938,353,0,0,0,0,0,0,0,0,1395800,0,0,0,0,0,0,0,0,0,43938,0,0,0,0,0,0,0,0,0,1513800,1349860,815654,288273,0,0,0,0,0
688008.SH,688008,20260325,92118000,0,0,0,0,0,,,0,0,0,0,0,1375700,1395700,0,0,0,0,0,0,0,0,0,44138,253,0,0,0,0,0,0,0,0,1395700,0,0,0,0,0,0,0,0,0,44138,0,0,0,0,0,0,0,0,0,1513550,1349860,818354,288273,0,0,0,0,0
688008.SH,688008,20260325,92121000,0,0,0,0,0,,,0,0,0,0,0,1375700,1395700,0,0,0,0,0,0,0,0,0,44638,53,0,0,0,0,0,0,0,0,1395700,0,0,0,0,0,0,0,0,0,44638,0,0,0,0,0,0,0,0,0,1513110,1349940,824777,288973,0,0,0,0,0
688008.SH,688008,20260325,92124000,0,0,0,0,0,,,0,0,0,0,0,1375700,1395700,0,0,0,0,0,0,0,0,0,44938,253,0,0,0,0,0,0,0,0,1395700,0,0,0,0,0,0,0,0,0,44938,0,0,0,0,0,0,0,0,0,1513020,1349940,825877,289973,0,0,0,0,0
688008.SH,688008,20260325,92127000,0,0,0,0,0,,,0,0,0,0,0,1375700,1395700,0,0,0,0,0,0,0,0,0,44938,453,0,0,0,0,0,0,0,0,1395700,0,0,0,0,0,0,0,0,0,44938,0,0,0,0,0,0,0,0,0,1513430,1349950,834210,290173,0,0,0,0,0
688008.SH,688008,20260325,92130000,0,0,0,0,0,,,0,0,0,0,0,1375700,1395700,0,0,0,0,0,0,0,0,0,44938,453,0,0,0,0,0,0,0,0,1395700,0,0,0,0,0,0,0,0,0,44938,0,0,0,0,0,0,0,0,0,1513280,1349910,835839,291173,0,0,0,0,0
688008.SH,688008,20260325,92133000,0,0,0,0,0,,,0,0,0,0,0,1375700,1395700,0,0,0,0,0,0,0,0,0,45391,0,0,0,0,0,0,0,0,0,1395700,0,0,0,0,0,0,0,0,0,45391,147,0,0,0,0,0,0,0,0,1513170,1350010,837492,291773,0,0,0,0,0
688008.SH,688008,20260325,92136000,0,0,0,0,0,,,0,0,0,0,0,1375700,1395800,0,0,0,0,0,0,0,0,0,46338,3542,0,0,0,0,0,0,0,0,1395800,0,0,0,0,0,0,0,0,0,46338,0,0,0,0,0,0,0,0,0,1513040,1349910,838681,293273,0,0,0,0,0
688008.SH,688008,20260325,92139000,0,0,0,0,0,,,0,0,0,0,0,1375700,1395800,0,0,0,0,0,0,0,0,0,46916,3164,0,0,0,0,0,0,0,0,1395800,0,0,0,0,0,0,0,0,0,46916,0,0,0,0,0,0,0,0,0,1512950,1350030,839481,293851,0,0,0,0,0
688008.SH,688008,20260325,92142000,0,0,0,0,0,,,0,0,0,0,0,1375700,1395800,0,0,0,0,0,0,0,0,0,47116,3186,0,0,0,0,0,0,0,0,1395800,0,0,0,0,0,0,0,0,0,47116,0,0,0,0,0,0,0,0,0,1512770,1350480,840403,300251,0,0,0,0,0
688008.SH,688008,20260325,92145000,0,0,0,0,0,,,0,0,0,0,0,1375700,1395700,0,0,0,0,0,0,0,0,0,47316,786,0,0,0,0,0,0,0,0,1395700,0,0,0,0,0,0,0,0,0,47316,0,0,0,0,0,0,0,0,0,1511760,1350500,843856,301451,0,0,0,0,0
688008.SH,688008,20260325,92148000,0,0,0,0,0,,,0,0,0,0,0,1375700,1395700,0,0,0,0,0,0,0,0,0,49007,195,0,0,0,0,0,0,0,0,1395700,0,0,0,0,0,0,0,0,0,49007,0,0,0,0,0,0,0,0,0,1509950,1351890,858294,303342,0,0,0,0,0
688008.SH,688008,20260325,92151000,0,0,0,0,0,,,0,0,0,0,0,1375700,1395700,0,0,0,0,0,0,0,0,0,49007,595,0,0,0,0,0,0,0,0,1395700,0,0,0,0,0,0,0,0,0,49007,0,0,0,0,0,0,0,0,0,1509760,1351890,860694,304342,0,0,0,0,0
688008.SH,688008,20260325,92154000,0,0,0,0,0,,,0,0,0,0,0,1375700,1395700,0,0,0,0,0,0,0,0,0,49207,395,0,0,0,0,0,0,0,0,1395700,0,0,0,0,0,0,0,0,0,49207,0,0,0,0,0,0,0,0,0,1509470,1351880,863994,306242,0,0,0,0,0
688008.SH,688008,20260325,92157000,0,0,0,0,0,,,0,0,0,0,0,1375700,1395700,0,0,0,0,0,0,0,0,0,49207,395,0,0,0,0,0,0,0,0,1395700,0,0,0,0,0,0,0,0,0,49207,0,0,0,0,0,0,0,0,0,1509450,1351850,864494,307242,0,0,0,0,0
688008.SH,688008,20260325,92200000,0,0,0,0,0,,,0,0,0,0,0,1375700,1395700,0,0,0,0,0,0,0,0,0,49207,595,0,0,0,0,0,0,0,0,1395700,0,0,0,0,0,0,0,0,0,49207,0,0,0,0,0,0,0,0,0,1509340,1351850,865794,307242,0,0,0,0,0
688008.SH,688008,20260325,92203000,0,0,0,0,0,,,0,0,0,0,0,1375700,1395700,0,0,0,0,0,0,0,0,0,49207,595,0,0,0,0,0,0,0,0,1395700,0,0,0,0,0,0,0,0,0,49207,0,0,0,0,0,0,0,0,0,1509230,1351940,866861,309742,0,0,0,0,0
688008.SH,688008,20260325,92206000,0,0,0,0,0,,,0,0,0,0,0,1375700,1395500,0,0,0,0,0,0,0,0,0,49207,34,0,0,0,0,0,0,0,0,1395500,0,0,0,0,0,0,0,0,0,49207,0,0,0,0,0,0,0,0,0,1509100,1351920,868850,310142,0,0,0,0,0
688008.SH,688008,20260325,92209000,0,0,0,0,0,,,0,0,0,0,0,1375700,1395500,0,0,0,0,0,0,0,0,0,49207,134,0,0,0,0,0,0,0,0,1395500,0,0,0,0,0,0,0,0,0,49207,0,0,0,0,0,0,0,0,0,1509040,1351920,870250,310142,0,0,0,0,0
688008.SH,688008,20260325,92212000,0,0,0,0,0,,,0,0,0,0,0,1375700,1395700,0,0,0,0,0,0,0,0,0,50991,0,0,0,0,0,0,0,0,0,1395700,0,0,0,0,0,0,0,0,0,50991,116,0,0,0,0,0,0,0,0,1507330,1352230,887639,312742,0,0,0,0,0
688008.SH,688008,20260325,92215000,0,0,0,0,0,,,0,0,0,0,0,1375700,1395700,0,0,0,0,0,0,0,0,0,51491,0,0,0,0,0,0,0,0,0,1395700,0,0,0,0,0,0,0,0,0,51491,416,0,0,0,0,0,0,0,0,1507240,1352340,888539,313542,0,0,0,0,0
688008.SH,688008,20260325,92218000,0,0,0,0,0,,,0,0,0,0,0,1375700,1395700,0,0,0,0,0,0,0,0,0,51774,0,0,0,0,0,0,0,0,0,1395700,0,0,0,0,0,0,0,0,0,51774,503,0,0,0,0,0,0,0,0,1507390,1352410,890431,313912,0,0,0,0,0
688008.SH,688008,20260325,92221000,0,0,0,0,0,,,0,0,0,0,0,1375700,1395700,0,0,0,0,0,0,0,0,0,52277,797,0,0,0,0,0,0,0,0,1395700,0,0,0,0,0,0,0,0,0,52277,0,0,0,0,0,0,0,0,0,1507040,1352340,894631,315112,0,0,0,0,0
688008.SH,688008,20260325,92224000,0,0,0,0,0,,,0,0,0,0,0,1375700,1395700,0,0,0,0,0,0,0,0,0,53377,697,0,0,0,0,0,0,0,0,1395700,0,0,0,0,0,0,0,0,0,53377,0,0,0,0,0,0,0,0,0,1506860,1352830,896324,317212,0,0,0,0,0
688008.SH,688008,20260325,92227000,0,0,0,0,0,,,0,0,0,0,0,1375700,1395700,0,0,0,0,0,0,0,0,0,53377,697,0,0,0,0,0,0,0,0,1395700,0,0,0,0,0,0,0,0,0,53377,0,0,0,0,0,0,0,0,0,1506840,1352830,896629,317412,0,0,0,0,0
688008.SH,688008,20260325,92230000,0,0,0,0,0,,,0,0,0,0,0,1375700,1395700,0,0,0,0,0,0,0,0,0,53377,1897,0,0,0,0,0,0,0,0,1395700,0,0,0,0,0,0,0,0,0,53377,0,0,0,0,0,0,0,0,0,1506080,1352670,905229,318712,0,0,0,0,0
688008.SH,688008,20260325,92233000,0,0,0,0,0,,,0,0,0,0,0,1375700,1395000,0,0,0,0,0,0,0,0,0,53915,1309,0,0,0,0,0,0,0,0,1395000,0,0,0,0,0,0,0,0,0,53915,0,0,0,0,0,0,0,0,0,1505550,1352590,918629,320250,0,0,0,0,0
688008.SH,688008,20260325,92236000,0,0,0,0,0,,,0,0,0,0,0,1375700,1395000,0,0,0,0,0,0,0,0,0,54215,1009,0,0,0,0,0,0,0,0,1395000,0,0,0,0,0,0,0,0,0,54215,0,0,0,0,0,0,0,0,0,1505500,1352890,919159,325750,0,0,0,0,0
688008.SH,688008,20260325,92239000,0,0,0,0,0,,,0,0,0,0,0,1375700,1395000,0,0,0,0,0,0,0,0,0,54415,809,0,0,0,0,0,0,0,0,1395000,0,0,0,0,0,0,0,0,0,54415,0,0,0,0,0,0,0,0,0,1505530,1352910,922475,325950,0,0,0,0,0
688008.SH,688008,20260325,92242000,0,0,0,0,0,,,0,0,0,0,0,1375700,1395000,0,0,0,0,0,0,0,0,0,54415,809,0,0,0,0,0,0,0,0,1395000,0,0,0,0,0,0,0,0,0,54415,0,0,0,0,0,0,0,0,0,1505740,1352830,924686,327350,0,0,0,0,0
688008.SH,688008,20260325,92245000,0,0,0,0,0,,,0,0,0,0,0,1375700,1395000,0,0,0,0,0,0,0,0,0,55881,0,0,0,0,0,0,0,0,0,1395000,0,0,0,0,0,0,0,0,0,55881,1534,0,0,0,0,0,0,0,0,1505770,1353220,929828,330350,0,0,0,0,0
688008.SH,688008,20260325,92248000,0,0,0,0,0,,,0,0,0,0,0,1375700,1395000,0,0,0,0,0,0,0,0,0,56281,0,0,0,0,0,0,0,0,0,1395000,0,0,0,0,0,0,0,0,0,56281,1634,0,0,0,0,0,0,0,0,1505770,1353300,932628,330850,0,0,0,0,0
688008.SH,688008,20260325,92251000,0,0,0,0,0,,,0,0,0,0,0,1375700,1395000,0,0,0,0,0,0,0,0,0,58315,42,0,0,0,0,0,0,0,0,1395000,0,0,0,0,0,0,0,0,0,58315,0,0,0,0,0,0,0,0,0,1505210,1353350,940326,331250,0,0,0,0,0
688008.SH,688008,20260325,92254000,0,0,0,0,0,,,0,0,0,0,0,1375700,1395000,0,0,0,0,0,0,0,0,0,58357,0,0,0,0,0,0,0,0,0,1395000,0,0,0,0,0,0,0,0,0,58357,358,0,0,0,0,0,0,0,0,1505150,1353410,941926,331650,0,0,0,0,0
688008.SH,688008,20260325,92257000,0,0,0,0,0,,,0,0,0,0,0,1375700,1395000,0,0,0,0,0,0,0,0,0,58357,0,0,0,0,0,0,0,0,0,1395000,0,0,0,0,0,0,0,0,0,58357,2727,0,0,0,0,0,0,0,0,1504540,1353790,951182,334019,0,0,0,0,0
688008.SH,688008,20260325,92300000,0,0,0,0,0,,,0,0,0,0,0,1375700,1395000,0,0,0,0,0,0,0,0,0,58557,0,0,0,0,0,0,0,0,0,1395000,0,0,0,0,0,0,0,0,0,58557,2927,0,0,0,0,0,0,0,0,1504490,1353900,951882,334919,0,0,0,0,0
688008.SH,688008,20260325,92303000,0,0,0,0,0,,,0,0,0,0,0,1375700,1395000,0,0,0,0,0,0,0,0,0,58757,0,0,0,0,0,0,0,0,0,1395000,0,0,0,0,0,0,0,0,0,58757,2727,0,0,0,0,0,0,0,0,1504340,1353870,953982,335319,0,0,0,0,0
688008.SH,688008,20260325,92306000,0,0,0,0,0,,,0,0,0,0,0,1375700,1395000,0,0,0,0,0,0,0,0,0,59657,0,0,0,0,0,0,0,0,0,1395000,0,0,0,0,0,0,0,0,0,59657,2832,0,0,0,0,0,0,0,0,1504220,1354020,955282,337524,0,0,0,0,0
688008.SH,688008,20260325,92309000,0,0,0,0,0,,,0,0,0,0,0,1375700,1395000,0,0,0,0,0,0,0,0,0,60257,0,0,0,0,0,0,0,0,0,1395000,0,0,0,0,0,0,0,0,0,60257,2432,0,0,0,0,0,0,0,0,1504170,1354200,957482,337724,0,0,0,0,0
688008.SH,688008,20260325,92312000,0,0,0,0,0,,,0,0,0,0,0,1375700,1395000,0,0,0,0,0,0,0,0,0,60735,0,0,0,0,0,0,0,0,0,1395000,0,0,0,0,0,0,0,0,0,60735,3954,0,0,0,0,0,0,0,0,1504020,1354420,959251,341024,0,0,0,0,0
688008.SH,688008,20260325,92315000,0,0,0,0,0,,,0,0,0,0,0,1375700,1395000,0,0,0,0,0,0,0,0,0,65689,628,0,0,0,0,0,0,0,0,1395000,0,0,0,0,0,0,0,0,0,65689,0,0,0,0,0,0,0,0,0,1503250,1354550,966533,342224,0,0,0,0,0
688008.SH,688008,20260325,92318000,0,0,0,0,0,,,0,0,0,0,0,1375700,1395000,0,0,0,0,0,0,0,0,0,66717,1800,0,0,0,0,0,0,0,0,1395000,0,0,0,0,0,0,0,0,0,66717,0,0,0,0,0,0,0,0,0,1503190,1354830,971233,343252,0,0,0,0,0
688008.SH,688008,20260325,92321000,0,0,0,0,0,,,0,0,0,0,0,1375700,1395000,0,0,0,0,0,0,0,0,0,67517,1900,0,0,0,0,0,0,0,0,1395000,0,0,0,0,0,0,0,0,0,67517,0,0,0,0,0,0,0,0,0,1503010,1354930,972933,344052,0,0,0,0,0
688008.SH,688008,20260325,92324000,0,0,0,0,0,,,0,0,0,0,0,1375700,1395000,0,0,0,0,0,0,0,0,0,69417,0,0,0,0,0,0,0,0,0,1395000,0,0,0,0,0,0,0,0,0,69417,200,0,0,0,0,0,0,0,0,1502990,1355180,973133,346152,0,0,0,0,0
688008.SH,688008,20260325,92327000,0,0,0,0,0,,,0,0,0,0,0,1375700,1395000,0,0,0,0,0,0,0,0,0,70297,120,0,0,0,0,0,0,0,0,1395000,0,0,0,0,0,0,0,0,0,70297,0,0,0,0,0,0,0,0,0,1502720,1355300,976333,346832,0,0,0,0,0
688008.SH,688008,20260325,92330000,0,0,0,0,0,,,0,0,0,0,0,1375700,1395000,0,0,0,0,0,0,0,0,0,70297,2420,0,0,0,0,0,0,0,0,1395000,0,0,0,0,0,0,0,0,0,70297,0,0,0,0,0,0,0,0,0,1502440,1355350,979033,348032,0,0,0,0,0
688008.SH,688008,20260325,92333000,0,0,0,0,0,,,0,0,0,0,0,1375700,1395000,0,0,0,0,0,0,0,0,0,70297,4039,0,0,0,0,0,0,0,0,1395000,0,0,0,0,0,0,0,0,0,70297,0,0,0,0,0,0,0,0,0,1502140,1355340,982252,348232,0,0,0,0,0
688008.SH,688008,20260325,92336000,0,0,0,0,0,,,0,0,0,0,0,1375700,1395000,0,0,0,0,0,0,0,0,0,71171,4161,0,0,0,0,0,0,0,0,1395000,0,0,0,0,0,0,0,0,0,71171,0,0,0,0,0,0,0,0,0,1501500,1355500,989405,349806,0,0,0,0,0
688008.SH,688008,20260325,92339000,0,0,0,0,0,,,0,0,0,0,0,1375700,1395000,0,0,0,0,0,0,0,0,0,72051,7581,0,0,0,0,0,0,0,0,1395000,0,0,0,0,0,0,0,0,0,72051,0,0,0,0,0,0,0,0,0,1500420,1355630,1033905,350686,0,0,0,0,0
688008.SH,688008,20260325,92342000,0,0,0,0,0,,,0,0,0,0,0,1375700,1395000,0,0,0,0,0,0,0,0,0,72051,8208,0,0,0,0,0,0,0,0,1395000,0,0,0,0,0,0,0,0,0,72051,0,0,0,0,0,0,0,0,0,1500310,1355640,1036532,351086,0,0,0,0,0
688008.SH,688008,20260325,92345000,0,0,0,0,0,,,0,0,0,0,0,1375700,1395000,0,0,0,0,0,0,0,0,0,73582,10071,0,0,0,0,0,0,0,0,1395000,0,0,0,0,0,0,0,0,0,73582,0,0,0,0,0,0,0,0,0,1499900,1355720,1040326,353617,0,0,0,0,0
688008.SH,688008,20260325,92348000,0,0,0,0,0,,,0,0,0,0,0,1375700,1395000,0,0,0,0,0,0,0,0,0,73982,10071,0,0,0,0,0,0,0,0,1395000,0,0,0,0,0,0,0,0,0,73982,0,0,0,0,0,0,0,0,0,1499850,1355770,1043526,354017,0,0,0,0,0
688008.SH,688008,20260325,92351000,0,0,0,0,0,,,0,0,0,0,0,1375700,1395000,0,0,0,0,0,0,0,0,0,76341,8312,0,0,0,0,0,0,0,0,1395000,0,0,0,0,0,0,0,0,0,76341,0,0,0,0,0,0,0,0,0,1498280,1356110,1064326,356676,0,0,0,0,0
688008.SH,688008,20260325,92354000,0,0,0,0,0,,,0,0,0,0,0,1375700,1395000,0,0,0,0,0,0,0,0,0,76341,8645,0,0,0,0,0,0,0,0,1395000,0,0,0,0,0,0,0,0,0,76341,0,0,0,0,0,0,0,0,0,1498210,1356120,1065479,357376,0,0,0,0,0
688008.SH,688008,20260325,92357000,0,0,0,0,0,,,0,0,0,0,0,1375700,1395000,0,0,0,0,0,0,0,0,0,85386,0,0,0,0,0,0,0,0,0,1395000,0,0,0,0,0,0,0,0,0,85386,955,0,0,0,0,0,0,0,0,1498200,1357190,1066485,367376,0,0,0,0,0
688008.SH,688008,20260325,92400000,0,0,0,0,0,,,0,0,0,0,0,1375700,1395000,0,0,0,0,0,0,0,0,0,87786,0,0,0,0,0,0,0,0,0,1395000,0,0,0,0,0,0,0,0,0,87786,3555,0,0,0,0,0,0,0,0,1497780,1357830,1070385,372376,0,0,0,0,0
688008.SH,688008,20260325,92403000,0,0,0,0,0,,,0,0,0,0,0,1375700,1395000,0,0,0,0,0,0,0,0,0,89486,0,0,0,0,0,0,0,0,0,1395000,0,0,0,0,0,0,0,0,0,89486,2455,0,0,0,0,0,0,0,0,1498320,1357940,1077285,373976,0,0,0,0,0
688008.SH,688008,20260325,92406000,0,0,0,0,0,,,0,0,0,0,0,1375700,1395000,0,0,0,0,0,0,0,0,0,89930,0,0,0,0,0,0,0,0,0,1395000,0,0,0,0,0,0,0,0,0,89930,5511,0,0,0,0,0,0,0,0,1498160,1358290,1079529,377476,0,0,0,0,0
688008.SH,688008,20260325,92409000,0,0,0,0,0,,,0,0,0,0,0,1375700,1395000,0,0,0,0,0,0,0,0,0,93450,0,0,0,0,0,0,0,0,0,1395000,0,0,0,0,0,0,0,0,0,93450,4125,0,0,0,0,0,0,0,0,1497680,1358440,1086607,380488,0,0,0,0,0
688008.SH,688008,20260325,92412000,0,0,0,0,0,,,0,0,0,0,0,1375700,1395000,0,0,0,0,0,0,0,0,0,98550,406,0,0,0,0,0,0,0,0,1395000,0,0,0,0,0,0,0,0,0,98550,0,0,0,0,0,0,0,0,0,1496790,1358590,1098613,381963,0,0,0,0,0
688008.SH,688008,20260325,92415000,0,0,0,0,0,,,0,0,0,0,0,1375700,1395000,0,0,0,0,0,0,0,0,0,99201,2885,0,0,0,0,0,0,0,0,1395000,0,0,0,0,0,0,0,0,0,99201,0,0,0,0,0,0,0,0,0,1496470,1358640,1102543,383214,0,0,0,0,0
688008.SH,688008,20260325,92418000,0,0,0,0,0,,,0,0,0,0,0,1375700,1395000,0,0,0,0,0,0,0,0,0,99501,2885,0,0,0,0,0,0,0,0,1395000,0,0,0,0,0,0,0,0,0,99501,0,0,0,0,0,0,0,0,0,1495930,1358670,1110025,383514,0,0,0,0,0
688008.SH,688008,20260325,92421000,0,0,0,0,0,,,0,0,0,0,0,1375700,1395000,0,0,0,0,0,0,0,0,0,102468,1318,0,0,0,0,0,0,0,0,1395000,0,0,0,0,0,0,0,0,0,102468,0,0,0,0,0,0,0,0,0,1495750,1358700,1112025,391242,0,0,0,0,0
688008.SH,688008,20260325,92424000,0,0,0,0,0,,,0,0,0,0,0,1375700,1395000,0,0,0,0,0,0,0,0,0,103068,2915,0,0,0,0,0,0,0,0,1395000,0,0,0,0,0,0,0,0,0,103068,0,0,0,0,0,0,0,0,0,1495350,1358770,1114422,392042,0,0,0,0,0
688008.SH,688008,20260325,92427000,0,0,0,0,0,,,0,0,0,0,0,1375700,1395000,0,0,0,0,0,0,0,0,0,106839,1744,0,0,0,0,0,0,0,0,1395000,0,0,0,0,0,0,0,0,0,106839,0,0,0,0,0,0,0,0,0,1495090,1359230,1118115,396013,0,0,0,0,0
688008.SH,688008,20260325,92430000,0,0,0,0,0,,,0,0,0,0,0,1375700,1395000,0,0,0,0,0,0,0,0,0,107339,6459,0,0,0,0,0,0,0,0,1395000,0,0,0,0,0,0,0,0,0,107339,0,0,0,0,0,0,0,0,0,1494510,1359460,1124253,396813,0,0,0,0,0
688008.SH,688008,20260325,92433000,0,0,0,0,0,,,0,0,0,0,0,1375700,1395000,0,0,0,0,0,0,0,0,0,109828,11120,0,0,0,0,0,0,0,0,1395000,0,0,0,0,0,0,0,0,0,109828,0,0,0,0,0,0,0,0,0,1493760,1359670,1133203,399502,0,0,0,0,0
688008.SH,688008,20260325,92436000,0,0,0,0,0,,,0,0,0,0,0,1375700,1395000,0,0,0,0,0,0,0,0,0,114546,8972,0,0,0,0,0,0,0,0,1395000,0,0,0,0,0,0,0,0,0,114546,0,0,0,0,0,0,0,0,0,1493520,1360100,1135773,404220,0,0,0,0,0
688008.SH,688008,20260325,92439000,0,0,0,0,0,,,0,0,0,0,0,1375700,1395000,0,0,0,0,0,0,0,0,0,132563,0,0,0,0,0,0,0,0,0,1395000,0,0,0,0,0,0,0,0,0,132563,84083,0,0,0,0,0,0,0,0,1492700,1367130,1146418,506320,0,0,0,0,0
688008.SH,688008,20260325,92442000,0,0,0,0,0,,,0,0,0,0,0,1375700,1395000,0,0,0,0,0,0,0,0,0,137184,0,0,0,0,0,0,0,0,0,1395000,0,0,0,0,0,0,0,0,0,137184,80462,0,0,0,0,0,0,0,0,1492280,1367250,1151739,508420,0,0,0,0,0
688008.SH,688008,20260325,92445000,0,0,0,0,0,,,0,0,0,0,0,1375700,1395000,0,0,0,0,0,0,0,0,0,144884,0,0,0,0,0,0,0,0,0,1395000,0,0,0,0,0,0,0,0,0,144884,73762,0,0,0,0,0,0,0,0,1491630,1367250,1159639,510620,0,0,0,0,0
688008.SH,688008,20260325,92448000,0,0,0,0,0,,,0,0,0,0,0,1375700,1395000,0,0,0,0,0,0,0,0,0,146084,0,0,0,0,0,0,0,0,0,1395000,0,0,0,0,0,0,0,0,0,146084,73662,0,0,0,0,0,0,0,0,1491420,1367290,1162039,511920,0,0,0,0,0
688008.SH,688008,20260325,92451000,0,0,0,0,0,,,0,0,0,0,0,1375700,1395000,0,0,0,0,0,0,0,0,0,194715,0,0,0,0,0,0,0,0,0,1395000,0,0,0,0,0,0,0,0,0,194715,27685,0,0,0,0,0,0,0,0,1487350,1367450,1211070,514574,0,0,0,0,0
688008.SH,688008,20260325,92454000,0,0,0,0,0,,,0,0,0,0,0,1375700,1395000,0,0,0,0,0,0,0,0,0,214515,0,0,0,0,0,0,0,0,0,1395000,0,0,0,0,0,0,0,0,0,214515,34275,0,0,0,0,0,0,0,0,1486060,1370010,1237351,541964,0,0,0,0,0
688008.SH,688008,20260325,92457000,0,0,0,0,0,,,0,0,0,0,0,1375700,1395000,0,0,0,0,0,0,0,0,0,257562,0,0,0,0,0,0,0,0,0,1395000,0,0,0,0,0,0,0,0,0,257562,2917,0,0,0,0,0,0,0,0,1482960,1370650,1280998,553653,0,0,0,0,0
688008.SH,688008,20260325,92500000,0,0,0,0,0,,,0,0,0,0,0,1375700,1395000,0,0,0,0,0,0,0,0,0,259162,0,0,0,0,0,0,0,0,0,1395000,0,0,0,0,0,0,0,0,0,259162,10146,0,0,0,0,0,0,0,0,1482470,1371120,1290373,562482,0,0,0,0,0
688008.SH,688008,20260325,92503000,1395000,0,0,448,0,,,259162,36153099,1395000,1395000,1395000,1375700,1395100,1395500,1395600,1395700,1395800,1396000,1396600,1396800,1397000,1397700,400,500,200,2580,5800,200,400,300,500,420,1395000,1394600,1393400,1390100,1390000,1388800,1388000,1386300,1385000,1381000,10146,1100,725,200,6838,1200,250,9529,300,1400,1507510,1335850,1031211,303320,0,0,0,0,0
688008.SH,688008,20260325,93000000,1395600,0,0,453,0,,,260162,36292634,1395600,1395000,1395000,1375700,1395600,1395700,1395800,1396000,1396600,1396800,1397000,1397700,1397800,1397900,100,2580,5800,200,400,300,500,420,200,500,1395000,1394600,1393400,1390100,1390000,1388800,1388000,1386300,1385000,1381000,10146,1100,725,200,7038,1200,250,9529,300,1400,1507330,1335890,1033467,303520,0,0,0,0,0
688008.SH,688008,20260325,93003000,1395800,0,0,577,0,,,319590,44591278,1399700,1392000,1395000,1375700,1396800,1398800,1399400,1399700,1399800,1399900,1400000,1400100,1400500,1400800,200,300,1000,391,6402,4282,25788,256,200,200,1395800,1395600,1395300,1395200,1395100,1395000,1390700,1390100,1390000,1388800,3360,200,422,360,3987,200,966,200,7238,1200,1509260,1336880,1030824,309925,0,0,0,0,0
688008.SH,688008,20260325,93006000,1395500,0,0,687,0,,,355061,49545477,1399700,1392000,1395000,1375700,1398600,1398800,1399200,1399400,1399700,1399800,1399900,1400000,1400100,1400500,971,800,400,1000,791,6402,7082,26388,256,200,1395500,1395200,1395100,1395000,1394300,1390700,1390100,1390000,1388800,1388000,200,1369,17226,5550,200,2606,200,8138,1200,250,1507080,1345250,1110339,398195,0,0,0,0,0
688008.SH,688008,20260325,93009000,1395800,0,0,871,0,,,433633,60509801,1399700,1392000,1395000,1375700,1396800,1397300,1397900,1399000,1399100,1399400,1399500,1399700,1399800,1399900,50,500,500,200,400,935,300,791,6002,14682,1395900,1395800,1395500,1395100,1395000,1394900,1394400,1394300,1394200,1394100,300,443,1595,8293,6989,600,400,200,400,200,1503690,1348600,1211319,438210,0,0,0,0,0
688008.SH,688008,20260325,93012000,1398300,0,0,941,0,,,467489,65237715,1399700,1392000,1395000,1375700,1398300,1398500,1398600,1399000,1399100,1399400,1399500,1399700,1399800,1399900,964,200,200,439,1000,935,300,811,6202,16882,1396600,1396200,1396000,1395700,1395600,1395500,1395400,1395300,1395200,1395100,200,1121,400,500,3169,2954,400,300,200,20760,1499150,1351350,1325184,475076,0,0,0,0,0
688008.SH,688008,20260325,93015000,1395800,0,0,1045,0,,,500617,69865657,1399700,1392000,1395000,1375700,1398000,1398100,1398500,1398600,1399100,1399400,1399500,1399600,1399700,1399800,11900,304,12000,36,974,935,300,200,3031,5402,1395800,1395700,1395600,1395500,1395400,1395300,1395200,1395100,1395000,1394900,2610,400,2183,5387,400,900,2941,33062,21372,600,1496330,1354680,1397034,523641,0,0,0,0,0
688008.SH,688008,20260325,93018000,1398000,0,0,1164,0,,,555538,77538838,1399700,1392000,1395000,1375700,1398500,1398600,1398900,1399100,1399400,1399500,1399600,1399700,1399800,1399900,3323,36,200,1182,935,300,200,3031,17662,18627,1398000,1397000,1396600,1396500,1396300,1396200,1396100,1396000,1395800,1395700,5414,200,200,594,200,1000,200,2497,2000,256,1496290,1355950,1424892,549532,0,0,0,0,0
688008.SH,688008,20260325,93021000,1396600,0,0,1227,0,,,581010,81098747,1399700,1392000,1395000,1375700,1398400,1398500,1398600,1398800,1398900,1399100,1399400,1399500,1399600,1399700,213,2079,1036,200,200,1182,935,300,200,3231,1395900,1395800,1395700,1395600,1395500,1395400,1395300,1395100,1395000,1394900,822,1829,8257,3600,2655,300,370,48427,19072,600,1496100,1356370,1462152,556490,0,0,0,0,0
688008.SH,688008,20260325,93024000,1398400,0,0,1274,0,,,601635,83983010,1399700,1392000,1395000,1375700,1398400,1398500,1399100,1399400,1399500,1399600,1399700,1399800,1399900,1400000,704,241,1182,935,300,200,3231,6202,18627,26854,1398000,1397500,1397300,1397100,1396800,1396000,1395900,1395800,1395700,1395600,8300,258,200,200,1700,1100,1122,5829,3533,3600,1495340,1357670,1491054,576907,0,0,0,0,0
688008.SH,688008,20260325,93027000,1398500,0,0,1327,0,,,615112,85868128,1399700,1392000,1395000,1375700,1399400,1399500,1399600,1399700,1399800,1399900,1400000,1400100,1400200,1400500,735,300,200,3731,6664,18427,56154,256,1200,800,1399000,1398500,1398400,1398000,1397900,1397500,1397300,1397100,1397000,1396800,400,10005,10100,10254,7755,258,200,200,2590,3791,1492540,1359870,1547266,611227,0,0,0,0,0
688008.SH,688008,20260325,93030000,1399300,0,0,1477,0,,,664484,92777278,1399900,1392000,1395000,1375700,1399300,1399600,1399700,1399900,1400000,1400100,1400200,1400500,1400800,1400900,1058,509,709,13672,57154,256,1200,800,200,300,1398500,1398400,1398000,1397900,1397500,1397300,1397100,1397000,1396800,1396700,4654,4879,13454,7755,258,200,500,2590,6736,877,1493600,1361170,1547200,639091,0,0,0,0,0
688008.SH,688008,20260325,93033000,1399000,0,0,1553,0,,,696055,97194600,1399900,1392000,1395000,1375700,1399400,1399600,1399900,1400000,1400100,1400200,1400500,1400800,1400900,1401000,3000,4000,3949,57154,256,1200,800,200,300,1700,1399000,1398800,1398500,1398400,1398300,1398000,1397900,1397500,1397300,1397100,167,500,6870,437,449,14030,7955,258,5689,500,1493980,1361930,1556799,652235,0,0,0,0,0
688008.SH,688008,20260325,93036000,1398600,0,0,1625,0,,,735175,102667617,1400000,1392000,1395000,1375700,1400000,1400100,1400200,1400500,1400800,1400900,1401000,1401300,1401400,1401500,55846,256,1000,800,400,300,1700,500,200,200,1399000,1398600,1398500,1398400,1398300,1398000,1397900,1397500,1397400,1397300,200,2974,1615,1497,3098,15955,200,258,358,5689,1494660,1361710,1550897,648789,0,0,0,0,0
688008.SH,688008,20260325,93039000,1400000,0,0,1732,0,,,769086,107413780,1400000,1392000,1395000,1375700,1400000,1400100,1400200,1400500,1400800,1400900,1401000,1401300,1401400,1401500,40845,256,1000,1900,200,300,1988,700,400,400,1399700,1399600,1399400,1399300,1399200,1399100,1399000,1398800,1398700,1398600,175,700,3200,2240,240,1047,1666,2472,2123,2200,1495390,1362890,1551598,671025,0,0,0,0,0
688008.SH,688008,20260325,93042000,1400100,0,0,1828,0,,,832160,116244712,1401000,1392000,1395000,1375700,1400200,1400500,1400800,1400900,1401000,1401300,1401400,1401500,1402000,1402300,346,346,346,346,1291,700,400,400,1000,1000,1400100,1400000,1399900,1399800,1399600,1399500,1399400,1399300,1399000,1398800,1387,33563,3908,3471,700,296,3869,2000,2927,2472,1498020,1365160,1511032,714308,0,0,0,0,0
688008.SH,688008,20260325,93045000,1401000,0,0,1920,0,,,858358,119914257,1401900,1392000,1395000,1375700,1402000,1402300,1402800,1403000,1403200,1403300,1404000,1404400,1404600,1404800,1000,1000,700,2198,2322,1300,800,2500,200,400,1401000,1400500,1400300,1400200,1400100,1400000,1399900,1399800,1399700,1399600,9063,600,52,3662,461,83492,9768,1771,1774,700,1497880,1367670,1518404,768948,0,0,0,0,0
688008.SH,688008,20260325,93048000,1402100,0,0,1982,0,,,886850,123909589,1403200,1392000,1395000,1375700,1403300,1404000,1404400,1404600,1404800,1404900,1405000,1405100,1405200,1405400,1300,800,2500,200,400,8881,7339,400,712,200,1402100,1402000,1401100,1401000,1400900,1400500,1400300,1400200,1400100,1400000,2637,1100,1760,7091,200,600,398,5326,3355,60165,1498610,1367010,1513926,754029,0,0,0,0,0
688008.SH,688008,20260325,93051000,1403200,0,0,2055,0,,,907950,126870432,1404400,1392000,1395000,1375700,1403200,1404400,1404600,1404800,1404900,1405000,1405100,1405400,1405500,1405600,459,802,200,400,8881,7339,400,200,600,250,1403000,1402400,1402200,1402100,1402000,1401800,1401100,1401000,1400900,1400500,400,2000,200,2306,5700,712,1300,7891,952,600,1498910,1367190,1516117,757246,0,0,0,0,0
688008.SH,688008,20260325,93054000,1402000,0,0,2135,0,,,947715,132449883,1404400,1392000,1395000,1375700,1404400,1404600,1404800,1404900,1405000,1405100,1405400,1405500,1405600,1405700,261,200,400,8881,7339,400,200,600,250,500,1402000,1401800,1401500,1401000,1400900,1400200,1400000,1399800,1399700,1399600,2772,12294,1000,800,200,3973,55512,1771,1774,358,1498960,1366310,1524272,737310,0,0,0,0,0
688008.SH,688008,20260325,93057000,1402900,0,0,2207,0,,,976396,136472217,1404900,1392000,1395000,1375700,1402900,1403000,1403200,1403400,1404300,1404800,1404900,1405000,1405100,1405400,455,1538,700,500,1696,2100,9433,7539,400,200,1402000,1401800,1401500,1401000,1400900,1400200,1400000,1399800,1399700,1399600,1601,1579,1000,800,200,5827,57366,2285,1774,358,1497070,1365630,1561452,727123,0,0,0,0,0
688008.SH,688008,20260325,93100000,1401000,0,0,2293,0,,,1012731,141568412,1404900,1392000,1395000,1375700,1401500,1401700,1401900,1402000,1402100,1403000,1403100,1403600,1404500,1404800,4321,200,1820,6200,200,300,500,200,5876,2100,1401000,1400900,1400800,1400600,1400200,1400100,1400000,1399900,1399800,1399700,100,200,400,400,6119,600,60010,205,2285,1774,1495950,1365550,1586761,726736,0,0,0,0,0
688008.SH,688008,20260325,93103000,1402000,0,0,2393,0,,,1044911,146078044,1404900,1392000,1395000,1375700,1402000,1402100,1402500,1402700,1402800,1402900,1403000,1403100,1403500,1403600,3635,200,200,1000,2554,1515,1726,500,200,200,1401700,1401500,1400900,1400700,1400200,1400100,1400000,1399900,1399800,1399700,439,1700,200,200,7691,600,64557,205,2285,1774,1495640,1365400,1595266,722763,0,0,0,0,0
688008.SH,688008,20260325,93106000,1400900,0,0,2526,0,,,1075710,150394780,1404900,1392000,1395000,1375700,1400900,1401000,1401500,1401700,1401900,1402000,1402500,1402700,1402800,1402900,4563,600,1200,6092,400,2000,1200,1000,2754,2915,1400200,1400000,1399800,1399700,1399600,1399400,1399300,1399100,1399000,1398500,7435,59211,2285,1774,358,935,3700,4254,3042,400,1494850,1364950,1613725,712252,0,0,0,0,0
688008.SH,688008,20260325,93109000,1401700,0,0,2688,0,,,1130865,158119650,1404900,1392000,1395000,1375700,1401000,1401700,1401800,1401900,1402000,1402500,1402700,1402800,1402900,1403000,209,8394,3400,600,5300,1500,1000,2954,2915,9126,1400900,1400800,1400200,1400000,1399800,1399700,1399600,1399500,1399400,1399300,7123,200,200,54877,2285,1974,358,1600,935,3700,1493930,1364590,1633369,701857,0,0,0,0,0
688008.SH,688008,20260325,93112000,1401000,0,0,2828,0,,,1166371,163095476,1404900,1392000,1395000,1375700,1402000,1402500,1402700,1402800,1402900,1403000,1403100,1403500,1403600,1403800,3138,1500,1000,4654,2915,9126,500,200,200,1000,1401000,1400900,1400800,1400500,1400200,1400100,1400000,1399800,1399700,1399600,9,2517,200,800,200,200,56184,2536,5774,358,1494490,1364490,1627876,699508,0,0,0,0,0
688008.SH,688008,20260325,93115000,1401000,0,0,2893,0,,,1180942,165137276,1404900,1392000,1395000,1375700,1401600,1401800,1402000,1402500,1402700,1402800,1402900,1403000,1403100,1403500,200,475,706,2500,1000,4654,2438,9126,500,200,1400900,1400500,1400300,1400200,1400100,1400000,1399800,1399700,1399600,1399500,781,395,270,200,200,54260,2536,6774,558,2600,1494490,1364170,1629126,693256,0,0,0,0,0
688008.SH,688008,20260325,93118000,1400800,0,0,2944,0,,,1196163,167269169,1404900,1392000,1395000,1375700,1400800,1400900,1401000,1401200,1401500,1401600,1401800,1401900,1402000,1402500,10580,1600,7907,46,200,300,675,1015,2060,2500,1400100,1400000,1399800,1399700,1399600,1399500,1399400,1399300,1399200,1399100,240,54499,2536,6774,558,3600,400,3900,200,4454,1492470,1364040,1666376,690265,0,0,0,0,0
688008.SH,688008,20260325,93121000,1400700,0,0,3002,0,,,1250845,174925937,1404900,1392000,1395000,1375700,1400700,1400800,1400900,1401000,1401200,1401500,1401600,1401700,1401800,1401900,200,5361,250,5298,46,200,1016,800,7116,1220,1400200,1400000,1399800,1399700,1399600,1399500,1399400,1399300,1399200,1399100,200,20218,2536,6774,558,3600,400,3900,200,4454,1491900,1362210,1680202,656335,0,0,0,0,0
688008.SH,688008,20260325,93124000,1400800,0,0,3067,0,,,1276316,178493212,1404900,1392000,1395000,1375700,1400100,1400200,1400800,1400900,1401000,1401500,1401600,1401700,1401800,1401900,200,300,4361,200,2763,200,1016,200,400,1255,1400000,1399800,1399700,1399600,1399500,1399400,1399300,1399200,1399100,1399000,14168,2536,5000,558,3600,200,3900,200,4454,4023,1492290,1361600,1672982,646246,0,0,0,0,0
688008.SH,688008,20260325,93127000,1400000,0,0,3340,0,,,1346584,188331568,1404900,1392000,1395000,1375700,1400300,1400500,1400700,1400800,1400900,1401000,1401200,1401500,1401600,1401700,300,217,11389,4361,978,5863,200,200,1016,524,1400000,1399800,1399700,1399600,1399500,1399400,1399300,1399200,1399100,1399000,1136,2536,5000,558,3600,1251,3900,200,4254,4023,1491350,1360500,1693804,630685,0,0,0,0,0
688008.SH,688008,20260325,93130000,1400000,0,0,3411,0,,,1373568,192109807,1404900,1392000,1395000,1375700,1400000,1400100,1400200,1400700,1400800,1400900,1401000,1401100,1401200,1401300,6287,1962,2985,5413,6661,1278,5863,335,200,278,1399800,1399700,1399600,1399500,1399400,1399300,1399200,1399100,1399000,1398900,2136,5200,558,3600,1251,3900,200,4019,4023,600,1490500,1360440,1710474,628114,0,0,0,0,0
688008.SH,688008,20260325,93133000,1400300,0,0,3529,0,,,1422767,198997915,1404900,1392000,1395000,1375700,1400300,1400700,1400800,1400900,1401000,1401100,1401200,1401300,1401500,1401600,12,3785,7161,1278,5663,335,200,278,200,1216,1400000,1399800,1399700,1399600,1399500,1399400,1399300,1399200,1399100,1399000,51701,400,5200,558,3600,1251,3900,200,4019,4023,1491110,1363400,1700559,679097,0,0,0,0,0
688008.SH,688008,20260325,93136000,1400900,0,0,3631,0,,,1457325,203839050,1404900,1392000,1395000,1375700,1401600,1401700,1401800,1401900,1402000,1402500,1402800,1402900,1403000,1403100,872,200,400,240,5507,2300,4000,2638,12626,500,1401500,1400900,1400800,1400700,1400400,1400300,1400100,1400000,1399800,1399700,1144,66,19800,13800,3753,31722,4415,53713,1210,5200,1492800,1366610,1670708,741894,0,0,0,0,0
688008.SH,688008,20260325,93139000,1401700,0,0,3708,0,,,1496359,209311529,1404900,1392000,1395000,1375700,1402500,1402800,1402900,1403000,1403100,1403500,1403600,1403800,1403900,1404000,1799,3500,2200,12145,500,200,200,1400,1100,200,1402000,1401700,1401600,1401500,1401300,1400900,1400800,1400700,1400400,1400300,1721,5896,59939,947,200,1866,17600,8200,3753,31939,1493130,1367590,1666246,761001,0,0,0,0,0
688008.SH,688008,20260325,93142000,1402500,0,0,3960,0,,,1648814,230689534,1404900,1392000,1395000,1375700,1402600,1402900,1403000,1403100,1403600,1403800,1403900,1404000,1404100,1404300,5876,100,11645,500,200,1400,1100,200,400,200,1402500,1402100,1401800,1401600,1401500,1401300,1400900,1400800,1400700,1400400,8280,2541,11408,23042,403,409,14782,16400,8200,3753,1493310,1365820,1665985,721740,0,0,0,0,0
688008.SH,688008,20260325,93145000,1402700,0,0,4018,0,,,1677064,234651995,1404900,1392000,1395000,1375700,1403000,1403100,1403600,1403800,1403900,1404000,1404100,1404300,1404400,1404500,10583,500,200,1400,1300,200,400,200,300,6876,1402700,1402600,1402500,1401800,1401700,1401600,1401500,1400900,1400800,1400700,5376,8883,4941,11408,800,10908,203,15326,16400,8200,1493150,1365430,1671919,713713,0,0,0,0,0
688008.SH,688008,20260325,93148000,1403000,0,0,4083,0,,,1713591,239776045,1404900,1392000,1395000,1375700,1402700,1403100,1403500,1403600,1403800,1403900,1404000,1404100,1404300,1404400,6351,5917,1000,200,1400,1300,200,400,200,300,1402500,1402400,1402300,1401800,1401700,1401600,1401000,1400900,1400400,1400300,3587,200,200,200,800,3972,200,14782,3753,3651,1493050,1362270,1678527,657466,0,0,0,0,0
688008.SH,688008,20260325,93151000,1402300,0,0,4138,0,,,1735993,242917955,1404900,1392000,1395000,1375700,1402300,1402500,1402600,1402700,1402900,1403000,1403100,1403500,1403600,1403700,6589,691,200,2813,6949,624,5917,1000,200,300,1401800,1401700,1401600,1401000,1400900,1400400,1400300,1400200,1400100,1400000,87,800,3972,809,14782,3753,500,200,200,13787,1492320,1361180,1696288,641687,0,0,0,0,0
688008.SH,688008,20260325,93154000,1402700,0,0,4176,0,,,1749241,244775762,1404900,1392000,1395000,1375700,1402700,1402900,1403000,1403100,1403400,1403500,1403600,1403700,1403800,1403900,1485,7149,1424,5917,131,1000,200,300,1400,2000,1402000,1401800,1401600,1401100,1401000,1400900,1400400,1400300,1400200,1400100,559,2529,3766,1184,1609,15782,3753,500,200,200,1492500,1361150,1695137,640712,0,0,0,0,0
688008.SH,688008,20260325,93157000,1402300,0,0,4223,0,,,1771271,247866187,1404900,1392000,1395000,1375700,1402900,1403000,1403100,1403200,1403400,1403500,1403600,1403700,1403800,1403900,6811,510,4173,250,131,2000,200,300,1400,2000,1402300,1402000,1401800,1401700,1401600,1401100,1401000,1400900,1400300,1400200,201,1710,300,809,3966,1184,1409,15982,500,200,1492280,1360960,1701346,637291,0,0,0,0,0
688008.SH,688008,20260325,93200000,1402500,0,0,4248,0,,,1788766,250319886,1404900,1392000,1395000,1375700,1402500,1402700,1402800,1402900,1403000,1403100,1403200,1403400,1403500,1403600,2067,618,210,3007,510,4173,250,131,2000,400,1402300,1402100,1402000,1401800,1401700,1401600,1401100,1401000,1400900,1400800,1573,284,811,1100,1009,3966,450,1609,28040,544,1492280,1361810,1702989,651116,0,0,0,0,0
688008.SH,688008,20260325,93203000,1402300,0,0,4327,0,,,1830552,256180410,1404900,1392000,1395000,1375700,1402300,1402800,1402900,1403000,1403100,1403200,1403300,1403400,1403500,1403600,2978,500,12,2510,507,592,286,514,2260,400,1402000,1401800,1401700,1401600,1401500,1401400,1401300,1401100,1401000,1400900,2146,1100,5432,3559,4826,4822,25565,450,2009,28040,1491910,1364040,1712893,689592,0,0,0,0,0
688008.SH,688008,20260325,93206000,1402500,0,0,4405,0,,,1856709,259849581,1404900,1392000,1395000,1375700,1402800,1403000,1403800,1403900,1404000,1404100,1404300,1404400,1404500,1404800,200,171,1800,2200,500,400,400,300,6876,2800,1402500,1402300,1402200,1402000,1401800,1401700,1401600,1401500,1401400,1401300,2486,40280,200,2146,1100,5432,3759,4826,4822,25565,1492330,1365640,1704905,720193,0,0,0,0,0
688008.SH,688008,20260325,93209000,1402600,0,0,4477,0,,,1871332,261901459,1404900,1392000,1395000,1375700,1402900,1403300,1403800,1404100,1404300,1404400,1404500,1404800,1404900,1405000,6547,200,277,301,400,300,6876,2800,11293,16729,1402600,1402500,1402300,1402100,1402000,1401800,1401700,1401600,1401500,1401400,383,5588,45475,688,2355,1313,5232,3759,4826,4822,1492320,1366120,1720164,728295,0,0,0,0,0
688008.SH,688008,20260325,93212000,1402500,0,0,4532,0,,,1894642,265171494,1404900,1392000,1395000,1375700,1402600,1402900,1403000,1403300,1403800,1404000,1404100,1404300,1404400,1404500,500,430,5544,200,277,500,301,400,300,7876,1402500,1402300,1402100,1402000,1401800,1401700,1401600,1401500,1401400,1401300,3574,12593,688,2146,1566,5232,3759,4826,4822,25565,1492250,1364050,1726061,688363,0,0,0,0,0
688008.SH,688008,20260325,93215000,1402500,0,0,4575,0,,,1908553,267122485,1404900,1392000,1395000,1375700,1402500,1402600,1402800,1402900,1403000,1403300,1403800,1404000,1404100,1404300,669,3850,700,1857,7259,200,500,500,200,1300,1402400,1402300,1402100,1402000,1401800,1401700,1401600,1401500,1401400,1401300,200,11793,688,2146,1566,5232,3759,4826,4822,25565,1491430,1363100,1743218,668839,0,0,0,0,0
688008.SH,688008,20260325,93218000,1402500,0,0,4617,0,,,1924817,269403470,1404900,1392000,1395000,1375700,1402500,1402600,1402700,1402800,1402900,1403000,1403300,1403800,1404000,1404100,2110,4713,571,1027,930,8346,200,500,500,200,1402400,1402300,1402100,1402000,1401800,1401700,1401600,1401500,1401400,1401300,200,17480,688,2346,1566,4423,3759,4826,4822,25565,1491120,1364010,1751648,685569,0,0,0,0,0
688008.SH,688008,20260325,93221000,1402400,0,0,4650,0,,,1939490,271461220,1404900,1392000,1395000,1375700,1402400,1402500,1402600,1402700,1402800,1402900,1403000,1403300,1403800,1404000,6907,2483,4713,571,1227,930,9046,200,1000,500,1402300,1402100,1402000,1401800,1401700,1401600,1401500,1401400,1401300,1401100,13577,688,2346,1566,4423,3759,4826,4822,25565,650,1491580,1363790,1772437,681155,0,0,0,0,0
688008.SH,688008,20260325,93224000,1402400,0,0,4704,0,,,1965360,275088956,1404900,1392000,1395000,1375700,1402300,1402400,1402500,1402600,1402700,1402800,1402900,1403000,1403100,1403300,200,9868,10539,6313,571,1598,930,9046,200,200,1402200,1402000,1401800,1401700,1401600,1401500,1401400,1401300,1401100,1401000,200,1927,1066,4423,3759,4826,4822,25565,650,1094,1490700,1362480,1791248,658068,0,0,0,0,0
688008.SH,688008,20260325,93227000,1401900,0,0,4774,0,,,1987802,278235692,1404900,1392000,1395000,1375700,1402300,1402400,1402500,1402600,1402700,1402800,1402900,1403000,1403100,1403300,1200,3710,12239,6313,571,1598,930,9046,200,200,1401900,1401800,1401700,1401600,1401500,1401400,1401300,1401100,1401000,1400900,343,421,796,3759,4826,4822,25565,650,200,13916,1490460,1362130,1802290,651874,0,0,0,0,0
688008.SH,688008,20260325,93230000,1401900,0,0,4814,0,,,2002003,280226876,1404900,1392000,1395000,1375700,1401900,1402100,1402200,1402300,1402400,1402500,1402600,1402700,1402800,1402900,905,285,900,7122,885,12739,6313,571,3798,730,1401600,1401500,1401400,1401300,1401100,1401000,1400900,1400300,1400200,1400100,3759,4826,4822,25565,650,200,13916,500,700,200,1489950,1361780,1817577,646968,0,0,0,0,0
688008.SH,688008,20260325,93233000,1401900,0,0,4876,0,,,2023464,283235419,1404900,1392000,1395000,1375700,1401900,1402000,1402300,1402400,1402500,1402600,1402800,1402900,1403000,1403100,1748,200,5053,1185,7871,9153,3798,930,9246,600,1401500,1401400,1401300,1401100,1401000,1400900,1400300,1400200,1400100,1400000,998,4822,25565,2282,200,13916,500,700,200,16341,1490040,1361200,1817992,637907,0,0,0,0,0
688008.SH,688008,20260325,93236000,1401900,0,0,4923,0,,,2059200,288245376,1404900,1392000,1395000,1375700,1401500,1401600,1401900,1402300,1402400,1402500,1402600,1402800,1402900,1403000,729,752,200,4068,1185,7671,9228,3471,930,9246,1401400,1401300,1401100,1401000,1400900,1400600,1400300,1400200,1400100,1400000,605,25565,2282,200,13916,212,500,700,200,16341,1490110,1360890,1818018,632904,0,0,0,0,0
688008.SH,688008,20260325,93239000,1401900,0,0,4963,0,,,2070398,289815027,1404900,1392000,1395000,1375700,1402300,1402400,1402500,1402600,1402800,1402900,1403000,1403100,1403200,1403300,3870,1185,6606,3284,3471,930,9246,600,225,200,1401900,1401500,1401400,1401300,1401100,1401000,1400900,1400600,1400300,1400200,591,1004,1032,25565,5258,4299,13916,212,500,700,1490550,1361450,1812130,641801,0,0,0,0,0
688008.SH,688008,20260325,93242000,1401800,0,0,5015,0,,,2084264,291759040,1404900,1392000,1395000,1375700,1401800,1401900,1402000,1402300,1402400,1402500,1402600,1402800,1402900,1403000,177,1915,194,290,317,6606,3209,3471,730,9246,1401600,1401500,1401300,1401100,1401000,1400900,1400600,1400300,1400200,1400100,500,1300,25565,5258,4299,13916,212,500,700,200,1490600,1361330,1811358,639728,0,0,0,0,0
688008.SH,688008,20260325,93245000,1401800,0,0,5058,0,,,2093635,293072910,1404900,1392000,1395000,1375700,1401900,1402400,1402500,1402600,1402800,1402900,1403000,1403100,1403200,1403300,500,317,6876,3209,3471,730,9246,600,225,465,1401800,1401700,1401600,1401500,1401300,1401100,1401000,1400900,1400700,1400600,21560,1914,754,5700,25565,5258,4299,13916,936,212,1490510,1363150,1824168,668765,0,0,0,0,0
688008.SH,688008,20260325,93248000,1401900,0,0,5240,0,,,2150238,301008212,1404900,1392000,1395000,1375700,1401900,1402300,1402600,1402800,1402900,1403000,1403100,1403200,1403300,1403500,800,704,2409,3100,730,8944,600,225,200,200,1401800,1401600,1401500,1401400,1401300,1401100,1401000,1400900,1400600,1400300,3270,1200,4516,3749,25565,2282,200,13916,212,500,1490760,1361660,1822573,643761,0,0,0,0,0
688008.SH,688008,20260325,93251000,1401900,0,0,5277,0,,,2159012,302238225,1404900,1392000,1395000,1375700,1401900,1402000,1402100,1402200,1402300,1402500,1402600,1402800,1402900,1403000,800,11184,6419,6962,116,200,2409,3100,730,3900,1401800,1401600,1401500,1401400,1401300,1401100,1401000,1400900,1400600,1400300,1129,1200,4716,3749,25565,2282,200,13916,212,500,1490460,1361490,1851002,642120,0,0,0,0,0
688008.SH,688008,20260325,93254000,1402000,0,0,5344,0,,,2171945,304051324,1404900,1392000,1395000,1375700,1402000,1402100,1402200,1402300,1402500,1402600,1402800,1402900,1403000,1403100,8941,6419,7962,334,415,2409,3100,730,4100,600,1401900,1401800,1401700,1401600,1401500,1401400,1401300,1401100,1401000,1400900,6241,2282,726,1400,4716,3749,25565,2282,200,13916,1490530,1362130,1849940,655138,0,0,0,0,0
688008.SH,688008,20260325,93257000,1401900,0,0,5399,0,,,2199947,307977257,1404900,1392000,1395000,1375700,1402200,1402300,1402500,1402600,1402800,1402900,1403000,1403100,1403200,1403300,7166,634,1315,2409,3300,730,4500,600,225,200,1401900,1401800,1401700,1401600,1401500,1401400,1401300,1401100,1401000,1400900,6584,2082,726,1428,4916,3749,25565,2282,200,13916,1491410,1362230,1831684,656876,0,0,0,0,0
688008.SH,688008,20260325,93300000,1401900,0,0,5461,0,,,2230245,312226202,1404900,1392000,1395000,1375700,1402100,1402500,1403100,1403200,1403300,1403500,1403700,1403800,1404000,1404100,222,5576,600,583,200,200,200,1000,700,200,1401900,1401800,1401700,1401600,1401500,1401400,1401300,1401100,1401000,1400900,19170,2305,726,1428,4914,3749,25565,2282,200,13916,1491940,1362780,1822403,662883,0,0,0,0,0
688008.SH,688008,20260325,93303000,1402100,0,0,5534,0,,,2248637,314805896,1404900,1392000,1395000,1375700,1403300,1403800,1404000,1404100,1404200,1404300,1404400,1404500,1404800,1404900,300,12,700,200,200,400,1300,7876,5000,11293,1402100,1402000,1401900,1401800,1401700,1401600,1401500,1401400,1401300,1401100,1809,1386,21785,1882,726,1428,4914,3749,25565,2282,1492360,1363160,1817434,669670,0,0,0,0,0
688008.SH,688008,20260325,93306000,1403300,0,0,5576,0,,,2257593,316062399,1404900,1392000,1395000,1375700,1403300,1403800,1404000,1404100,1404200,1404300,1404400,1404500,1404800,1404900,9174,12,5700,200,200,400,1500,7876,5000,11293,1402600,1402200,1402100,1402000,1401900,1401800,1401700,1401600,1401500,1401400,4211,200,11095,3286,22385,2401,926,1428,4914,3749,1491550,1364140,1835397,687186,0,0,0,0,0
688008.SH,688008,20260325,93309000,1403700,0,0,5608,0,,,2274774,318473686,1404900,1392000,1395000,1375700,1403800,1404000,1404100,1404200,1404300,1404400,1404500,1404800,1404900,1405000,70,5412,200,200,400,1500,7876,5000,11293,16529,1403400,1403300,1403200,1402600,1402500,1402400,1402200,1402100,1402000,1401900,400,4242,200,6171,1954,600,600,9294,4664,17092,1491920,1364340,1828809,691079,0,0,0,0,0
688008.SH,688008,20260325,93312000,1403700,0,0,5634,0,,,2283257,319664394,1404900,1392000,1395000,1375700,1403700,1403800,1404000,1404100,1404200,1404300,1404400,1404500,1404800,1404900,885,200,5212,200,400,400,1500,7876,5000,11293,1403300,1403200,1402600,1402500,1402400,1402200,1402100,1402000,1401900,1401800,4057,200,1960,8918,20977,800,9494,4664,17092,2182,1491850,1364750,1833216,698049,0,0,0,0,0
688008.SH,688008,20260325,93315000,1403800,0,0,5667,0,,,2295562,321391584,1404900,1392000,1395000,1375700,1404000,1404100,1404200,1404300,1404400,1404500,1404800,1404900,1405000,1405100,4012,200,400,400,1500,8076,5200,11293,16529,500,1403800,1403400,1403300,1403200,1402600,1402500,1402400,1402300,1402200,1402100,10614,1156,3417,637,960,6759,24373,11580,800,9494,1492080,1364800,1828686,684445,0,0,0,0,0
688008.SH,688008,20260325,93318000,1404000,0,0,5687,0,,,2306934,322988045,1404900,1392000,1395000,1375700,1404000,1404100,1404200,1404300,1404400,1404500,1404800,1404900,1405000,1405100,1935,200,400,200,1500,8076,5200,11293,16529,500,1403800,1403700,1403600,1403400,1403300,1403200,1403100,1402600,1402400,1402300,2907,1154,271,3949,3417,2550,2272,960,20977,4071,1492140,1363600,1828309,661603,0,0,0,0,0
688008.SH,688008,20260325,93321000,1404100,0,0,5731,0,,,2324252,325419411,1404900,1392000,1395000,1375700,1404300,1404400,1404500,1404800,1404900,1405000,1405100,1405400,1405500,1405600,708,1500,8076,5200,11293,16529,500,200,1100,450,1404200,1404000,1403900,1403800,1403700,1403600,1403400,1403300,1403200,1403100,267,2312,200,1500,3697,271,3949,3009,2550,2071,1492220,1364050,1827514,669226,0,0,0,0,0
688008.SH,688008,20260325,93324000,1404000,0,0,5753,0,,,2329287,326126387,1404900,1392000,1395000,1375700,1404300,1404400,1404500,1404800,1404900,1405000,1405100,1405400,1405500,1405600,500,1500,8076,6700,11093,16029,500,200,1100,450,1404100,1404000,1403900,1403800,1403700,1403600,1403400,1403300,1403200,1403100,200,4575,400,2100,3497,271,13349,2809,2329,2071,1491800,1365090,1839406,687088,0,0,0,0,0
688008.SH,688008,20260325,93327000,1404400,0,0,5806,0,,,2346595,328556514,1404900,1392000,1395000,1375700,1404500,1404800,1404900,1405000,1405100,1405200,1405400,1405500,1405600,1405700,8076,6700,10893,16229,500,351,200,1100,450,500,1404400,1404100,1404000,1403800,1403700,1403600,1403400,1403300,1403200,1402800,369,500,500,190,476,1158,10356,2809,200,5714,1491860,1363950,1840857,667309,0,0,0,0,0
688008.SH,688008,20260325,93330000,1404300,0,0,5869,0,,,2374889,332530367,1404900,1392000,1395000,1375700,1404400,1404800,1404900,1405000,1405100,1405200,1405400,1405500,1405600,1405700,7011,518,10893,16229,500,351,200,1100,450,500,1404300,1404200,1404100,1404000,1403900,1403700,1403400,1403300,1403200,1402800,705,1177,3000,1400,217,476,17648,2100,200,5714,1492350,1365010,1831143,683740,0,0,0,0,0
688008.SH,688008,20260325,93333000,1404800,0,0,5943,0,,,2396982,335633344,1404900,1392000,1395000,1375700,1404900,1405000,1405100,1405400,1405500,1405600,1405700,1405800,1405900,1406000,7176,16229,500,200,1100,450,500,600,2700,1716,1404800,1404500,1404400,1404300,1404100,1404000,1403700,1403400,1403300,1403200,1078,1645,900,1084,18177,3263,876,17648,1800,200,1492910,1366070,1820177,702750,0,0,0,0,0
688008.SH,688008,20260325,93336000,1404900,0,0,5989,0,,,2417784,338555862,1405000,1392000,1395000,1375700,1405000,1405100,1405400,1405500,1405600,1405700,1405800,1405900,1406000,1406300,11894,500,400,900,450,500,600,2700,1716,200,1404900,1404800,1404600,1404500,1404400,1404300,1404200,1404100,1404000,1403800,4389,1278,239,11072,1700,2084,213,18177,4063,3773,1493230,1367200,1817446,724456,0,0,0,0,0
688008.SH,688008,20260325,93339000,1405000,0,0,6052,0,,,2435610,341060320,1405000,1392000,1395000,1375700,1405000,1405100,1405400,1405500,1405600,1405700,1405800,1405900,1406000,1406300,6498,500,400,900,450,500,600,2700,1716,200,1404900,1404800,1404700,1404600,1404500,1404400,1404300,1404100,1404000,1403800,8629,1278,2188,7020,9177,1425,2584,16355,3100,3773,1493400,1367410,1813180,728399,0,0,0,0,0
688008.SH,688008,20260325,93342000,1405000,0,0,6093,0,,,2451893,343348187,1405500,1392000,1395000,1375700,1405500,1405600,1405700,1405800,1405900,1406000,1406300,1406500,1406600,1406700,100,450,500,600,2700,1716,200,2000,770,200,1405000,1404900,1404800,1404700,1404600,1404500,1404400,1404300,1404100,1404000,3328,3195,1278,2188,5765,8177,1425,3146,16355,3100,1493550,1366450,1813326,709511,0,0,0,0,0
688008.SH,688008,20260325,93345000,1405400,0,0,6111,0,,,2458567,344286152,1405500,1392000,1395000,1375700,1405400,1405600,1405700,1405800,1405900,1406000,1406300,1406500,1406600,1406700,206,450,500,600,2900,1716,200,2000,770,200,1405100,1405000,1404900,1404800,1404700,1404600,1404500,1404400,1404300,1404100,761,11252,5939,1078,2161,5765,5203,1825,3346,15400,1493550,1366870,1816432,717177,0,0,0,0,0
688008.SH,688008,20260325,93348000,1405800,0,0,6137,0,,,2464836,345167359,1405900,1392000,1395000,1375700,1405900,1406000,1406200,1406300,1406400,1406500,1406600,1406700,1406800,1406900,3241,1716,200,200,281,2000,770,200,200,983,1405800,1405700,1405500,1405400,1405200,1405100,1405000,1404900,1404800,1404700,683,300,39789,5289,1322,2631,13237,5833,1615,2161,1493620,1368920,1816814,759983,0,0,0,0,0
688008.SH,688008,20260325,93351000,1406000,0,0,6164,0,,,2479006,347159225,1406000,1392000,1395000,1375700,1406000,1406200,1406300,1406400,1406500,1406600,1406700,1406800,1406900,1407000,670,200,200,281,2000,570,400,200,983,200,1405900,1405800,1405500,1405400,1405200,1405100,1405000,1404900,1404800,1404600,8,1300,39023,7909,1998,2831,16828,4833,1615,5765,1493900,1369330,1812127,765915,0,0,0,0,0
688008.SH,688008,20260325,93354000,1405800,0,0,6203,0,,,2496778,349657723,1406200,1392000,1395000,1375700,1405800,1406000,1406300,1406400,1406500,1406600,1406700,1406800,1406900,1407000,2164,500,200,281,2200,570,400,200,983,200,1405500,1405400,1405200,1405100,1405000,1404900,1404800,1404500,1404400,1404300,44685,12679,743,2831,15728,4789,1615,4725,1200,2802,1493860,1369300,1818921,757476,0,0,0,0,0
688008.SH,688008,20260325,93357000,1406000,0,0,6241,0,,,2511336,351704540,1406300,1392000,1395000,1375700,1406400,1406500,1406600,1406700,1406800,1406900,1407000,1407500,1407600,1407700,281,2200,770,400,200,983,200,500,7000,4167,1406000,1405900,1405800,1405700,1405600,1405500,1405400,1405200,1405100,1405000,10000,1528,5564,2409,717,45537,8220,743,4831,13909,1494050,1369920,1818557,767163,0,0,0,0,0
688008.SH,688008,20260325,93400000,1406000,0,0,6269,0,,,2521921,353192837,1406500,1392000,1395000,1375700,1406500,1406600,1406700,1406800,1406900,1407000,1407500,1407600,1407700,1407800,2111,770,400,200,983,200,500,7200,4167,200,1406000,1405900,1405800,1405700,1405600,1405500,1405400,1405200,1405100,1405000,2404,4736,7692,2409,717,45197,7820,943,4831,13574,1494130,1369660,1822187,761380,0,0,0,0,0
688008.SH,688008,20260325,93403000,1406500,0,0,6318,0,,,2543746,356263749,1407700,1392000,1395000,1375700,1407700,1407800,1407900,1408000,1408100,1408300,1408700,1408800,1408900,1409000,508,200,600,10074,1200,300,700,4300,1000,1900,1406500,1406400,1406300,1406100,1406000,1405900,1405800,1405600,1405500,1405400,2100,1230,859,2401,7182,4936,15597,717,45417,8020,1494880,1370330,1808904,777631,0,0,0,0,0
688008.SH,688008,20260325,93406000,1406900,0,0,6344,0,,,2551912,357412389,1407700,1392000,1395000,1375700,1406900,1407700,1407800,1407900,1408000,1408100,1408300,1408700,1408800,1408900,245,508,200,600,10474,1200,300,700,4300,1000,1406500,1406400,1406300,1406100,1406000,1405900,1405800,1405600,1405500,1405400,2041,1823,859,800,9100,4436,15417,717,43607,8020,1494870,1369800,1812597,762927,0,0,0,0,0
688008.SH,688008,20260325,93409000,1407700,0,0,6379,0,,,2563642,359063077,1408000,1392000,1395000,1375700,1407800,1407900,1408000,1408100,1408300,1408700,1408800,1408900,1409000,1409100,47,262,9368,1200,300,700,4300,1000,1900,200,1407700,1406900,1406500,1406400,1406300,1406100,1406000,1405900,1405800,1405600,1542,284,4499,3127,859,800,6816,1908,15598,517,1495030,1369340,1812538,752700,0,0,0,0,0
688008.SH,688008,20260325,93412000,1407800,0,0,6426,0,,,2582753,361753583,1408000,1392000,1395000,1375700,1407800,1407900,1408000,1408100,1408300,1408700,1408800,1408900,1409000,1409100,2544,82,1120,1200,300,700,4300,1000,2200,200,1407100,1407000,1406900,1406700,1406600,1406500,1406400,1406300,1406200,1406100,387,200,5553,400,500,5152,4027,1060,299,800,1495010,1369900,1808007,764994,0,0,0,0,0
688008.SH,688008,20260325,93415000,1407700,0,0,6468,0,,,2596876,363741810,1408000,1392000,1395000,1375700,1407700,1407900,1408000,1408100,1408300,1408700,1408800,1408900,1409000,1409100,7137,254,251,1200,300,700,4300,1500,2200,200,1407100,1407000,1406900,1406600,1406500,1406400,1406300,1406100,1406000,1405900,1787,200,3749,500,4735,3622,1067,2912,6916,4001,1495600,1369650,1825863,759464,0,0,0,0,0
688008.SH,688008,20260325,93418000,1408100,0,0,6529,0,,,2618109,366730970,1408800,1392000,1395000,1375700,1408800,1408900,1409000,1409100,1409300,1409400,1409500,1409600,1409700,1409800,2500,1500,2900,200,8200,1300,649,724,300,10567,1408100,1408000,1407800,1407700,1407300,1407000,1406900,1406800,1406600,1406500,4244,13445,7171,200,600,500,2310,277,500,4735,1496000,1368850,1814854,740738,0,0,0,0,0
688008.SH,688008,20260325,93421000,1408200,0,0,6551,0,,,2626557,367920646,1408800,1392000,1395000,1375700,1408300,1408800,1408900,1409000,1409100,1409300,1409400,1409500,1409600,1409700,100,1300,1500,2900,200,8200,1300,649,724,500,1408200,1408100,1408000,1407900,1407800,1407700,1407300,1407100,1407000,1406900,2107,930,15082,2569,10381,6904,1100,7698,700,1866,1496090,1369610,1818952,755266,0,0,0,0,0
688008.SH,688008,20260325,93424000,1408300,0,0,6582,0,,,2637557,369470192,1408800,1392000,1395000,1375700,1408800,1408900,1409000,1409100,1409300,1409400,1409500,1409600,1409700,1409800,200,1500,2900,200,8200,1300,649,724,500,10067,1408300,1408200,1408100,1408000,1407900,1407800,1407700,1407300,1407100,1407000,43,2247,1730,15082,2569,7717,5542,1100,8698,700,1496450,1369030,1822126,743529,0,0,0,0,0
688008.SH,688008,20260325,93427000,1408300,0,0,6626,0,,,2647263,370837406,1409000,1392000,1395000,1375700,1408700,1408800,1409000,1409100,1409200,1409300,1409400,1409500,1409600,1409700,2549,412,2448,600,203,8200,1000,649,924,500,1408300,1408200,1408100,1408000,1407900,1407800,1407700,1407300,1407100,1407000,5460,3047,4348,15082,2569,7717,5438,1100,8698,700,1496620,1369190,1822477,747171,0,0,0,0,0
688008.SH,688008,20260325,93430000,1408800,0,0,6671,0,,,2666774,373586458,1409300,1392000,1395000,1375700,1409300,1409400,1409500,1409600,1409700,1409800,1409900,1410000,1410100,1410200,6865,1626,864,924,836,10267,14368,39790,200,200,1408800,1408700,1408600,1408500,1408300,1408200,1408100,1408000,1407900,1407800,4253,3900,2970,3300,16187,3047,3466,13935,2569,6271,1496800,1370070,1821638,763681,0,0,0,0,0
688008.SH,688008,20260325,93433000,1409300,0,0,6709,0,,,2680421,375509294,1409300,1392000,1395000,1375700,1409300,1409400,1409500,1409600,1409700,1409800,1409900,1410000,1410100,1410200,4896,1626,864,924,836,10267,15868,39790,200,200,1408800,1408700,1408600,1408500,1408400,1408300,1408200,1408100,1408000,1407900,26,13544,3170,3000,500,16913,4961,10018,12835,2569,1497280,1370670,1812069,775785,0,0,0,0,0
688008.SH,688008,20260325,93436000,1409400,0,0,6768,0,,,2700657,378360509,1409400,1392000,1395000,1375700,1409400,1409500,1409600,1409700,1409800,1409900,1410000,1410100,1410200,1410300,421,864,1124,1236,10267,15868,39190,200,200,10000,1409000,1408800,1408700,1408600,1408500,1408400,1408300,1408200,1408100,1408000,400,983,3333,3170,5133,500,16877,3754,9488,13035,1497500,1370250,1807368,766835,0,0,0,0,0
688008.SH,688008,20260325,93439000,1409700,0,0,6805,0,,,2712492,380028842,1409800,1392000,1395000,1375700,1409800,1409900,1410000,1410100,1410200,1410300,1410500,1410800,1411000,1411200,11921,16724,39390,200,200,10000,300,200,1909,333,1409700,1409500,1409400,1409300,1409200,1409100,1409000,1408800,1408700,1408600,3037,600,200,4411,920,235,2680,2525,3578,3839,1497560,1371560,1814607,795555,0,0,0,0,0
688008.SH,688008,20260325,93442000,1409700,0,0,6912,0,,,2772800,388531733,1410000,1392000,1395000,1375700,1410000,1410100,1410200,1410300,1410500,1410800,1411000,1411200,1411300,1411500,14377,400,200,10000,300,200,1200,333,10500,3300,1409700,1409600,1409500,1409400,1409300,1409200,1409100,1409000,1408800,1408700,4155,4314,2284,5979,10501,920,692,600,2286,3187,1500180,1371970,1762340,802501,0,0,0,0,0
688008.SH,688008,20260325,93445000,1410000,0,0,6983,0,,,2805107,393087054,1410300,1392000,1395000,1375700,1410300,1410500,1410800,1411000,1411200,1411300,1411500,1411700,1411800,1412000,2535,300,200,1200,333,10500,3300,500,400,2200,1410100,1410000,1409800,1409700,1409600,1409500,1409400,1409300,1409200,1409100,900,494,1439,883,2504,1584,6812,10051,420,2262,1501430,1371740,1745098,798056,0,0,0,0,0
688008.SH,688008,20260325,93448000,1411300,0,0,7034,0,,,2818878,395029314,1411300,1392000,1395000,1375700,1410300,1411300,1411500,1411700,1411800,1412000,1412300,1412500,1412600,1412800,1555,10068,300,500,400,2000,200,700,200,2082,1410000,1409900,1409800,1409700,1409600,1409500,1409400,1409300,1409200,1409100,1144,5280,2134,600,2485,707,6106,7884,420,2262,1501270,1371770,1755658,798717,0,0,0,0,0
688008.SH,688008,20260325,93451000,1410700,0,0,7070,0,,,2832916,397009076,1411300,1392000,1395000,1375700,1411200,1411300,1411500,1411700,1411800,1412000,1412300,1412500,1412600,1412800,640,10068,300,750,400,2000,200,700,200,2082,1410700,1410300,1410000,1409900,1409800,1409700,1409600,1409500,1409400,1409300,266,379,7720,5280,4043,600,2247,1839,6106,12684,1501340,1371630,1761893,796202,0,0,0,0,0
688008.SH,688008,20260325,93454000,1410300,0,0,7113,0,,,2864342,401442072,1411300,1392000,1395000,1375700,1411300,1411500,1411700,1411800,1412000,1412100,1412300,1412500,1412600,1412800,4669,300,750,400,2000,1000,200,700,200,2082,1411200,1410300,1409900,1409800,1409500,1409400,1409300,1409100,1409000,1408800,14991,1703,2915,4043,1839,6406,13084,235,2453,2560,1501480,1371030,1759136,824059,0,0,0,0,0
688008.SH,688008,20260325,93457000,1411800,0,0,7189,0,,,2903512,406970332,1412000,1392000,1395000,1375700,1412000,1412100,1412300,1412500,1412600,1412800,1412900,1413000,1413200,1413300,1000,1000,200,700,200,2082,800,1200,200,900,1411800,1411300,1411200,1411100,1411000,1410900,1410300,1410200,1410000,1409900,38,1582,3287,4651,4672,5402,8819,1027,3354,3315,1501860,1371890,1754728,840916,0,0,0,0,0
688008.SH,688008,20260325,93500000,1411700,0,0,7232,0,,,2914935,408583042,1412500,1392000,1395000,1375700,1412600,1412800,1412900,1413000,1413200,1413300,1413400,1413500,1413600,1413800,200,2082,1358,1200,200,900,200,3590,368,600,1412000,1411700,1411500,1411400,1411300,1411200,1411100,1411000,1410700,1410600,200,2047,372,1956,4455,3371,3200,1703,2113,500,1501790,1371960,1759369,841795,0,0,0,0,0
688008.SH,688008,20260325,93503000,1411800,0,0,7275,0,,,2927798,410399437,1412800,1392000,1395000,1375700,1412400,1412600,1412800,1412900,1413000,1413200,1413300,1413400,1413500,1413600,430,400,1788,1358,1200,200,900,200,3590,368,1411700,1411500,1411400,1411300,1411200,1411100,1411000,1410700,1410600,1410400,2235,1372,956,10374,5871,3200,1703,2113,500,500,1501750,1372890,1764179,862258,0,0,0,0,0
688008.SH,688008,20260325,93506000,1413000,0,0,7323,0,,,2946600,413055067,1413000,1392000,1395000,1375700,1413000,1413200,1413300,1413400,1413500,1413600,1413800,1413900,1414100,1414400,10489,400,1100,200,3590,368,600,400,1810,1202,1412600,1412400,1412000,1411800,1411700,1411500,1411400,1411300,1411200,1411100,1700,298,8698,2100,2435,372,956,21076,5471,3200,1501350,1373700,1772956,880433,0,0,0,0,0
688008.SH,688008,20260325,93509000,1412600,0,0,7382,0,,,2961280,415128324,1413000,1392000,1395000,1375700,1412600,1412700,1412800,1412900,1413000,1413200,1413300,1413400,1413500,1413600,7496,1100,200,200,11089,400,1100,200,3590,368,1412100,1412000,1411800,1411700,1411600,1411500,1411300,1411200,1411100,1411000,210,4139,4414,2635,2492,400,20976,5471,3200,1200,1501770,1373140,1820452,866482,0,0,0,0,0
688008.SH,688008,20260325,93512000,1413000,0,0,7474,0,,,3012118,422309453,1413000,1392000,1395000,1375700,1413200,1413300,1413400,1413500,1413600,1413800,1413900,1414000,1414100,1414400,400,1100,200,3790,368,600,900,200,1810,1002,1413000,1412600,1412200,1412000,1411800,1411700,1411600,1411500,1411300,1411200,24991,296,2379,2200,2400,829,2492,400,20600,6496,1502650,1373970,1804239,883600,0,0,0,0,0
688008.SH,688008,20260325,93515000,1413100,0,0,7523,0,,,3037714,425926508,1413500,1392000,1395000,1375700,1413500,1413600,1413700,1413800,1413900,1414000,1414100,1414400,1414500,1414600,1677,368,500,600,900,200,1810,2002,1900,200,1413100,1413000,1412800,1412600,1412500,1412400,1412200,1412000,1411800,1411700,588,25435,200,5013,400,200,2379,2400,4800,829,1502250,1374080,1809868,885703,0,0,0,0,0
688008.SH,688008,20260325,93518000,1413800,0,0,7563,0,,,3053171,428111288,1414400,1392000,1395000,1375700,1414400,1414500,1414600,1414800,1414900,1415000,1415100,1415200,1415300,1415500,1466,1900,200,1104,1451,15076,1000,300,200,2400,1413800,1413500,1413200,1413100,1413000,1412800,1412600,1412500,1412400,1412200,1630,707,39062,1557,14128,200,9961,2316,428,2602,1502690,1375770,1822246,924495,0,0,0,0,0
688008.SH,688008,20260325,93521000,1414800,0,0,7603,0,,,3073688,431011887,1414800,1392000,1395000,1375700,1414800,1414900,1415000,1415100,1415200,1415300,1415400,1415500,1415600,1415700,885,1451,17276,1000,300,200,330,2400,215,700,1414500,1413800,1413700,1413500,1413400,1413200,1413100,1413000,1412800,1412600,200,200,4448,3568,200,36433,1557,14733,200,9947,1502990,1374670,1818680,894805,0,0,0,0,0
688008.SH,688008,20260325,93524000,1414800,0,0,7672,0,,,3102142,435037154,1415000,1392000,1395000,1375700,1414800,1414900,1415000,1415100,1415200,1415300,1415400,1415500,1415600,1415700,289,653,1581,1000,300,200,330,2400,215,700,1414500,1414400,1414200,1414000,1413900,1413800,1413500,1413400,1413200,1413100,200,1237,361,4420,1859,566,3362,200,36433,1400,1504120,1374240,1816494,884767,0,0,0,0,0
688008.SH,688008,20260325,93527000,1414600,0,0,7741,0,,,3128111,438709855,1415200,1392000,1395000,1375700,1414500,1415200,1415300,1415400,1415500,1415600,1415700,1415800,1415900,1416000,686,127,200,330,2400,215,700,2369,6800,400,1414400,1413800,1413500,1413300,1413200,1413100,1413000,1412800,1412600,1412500,200,400,2797,1172,36112,747,20942,200,7211,400,1504150,1373850,1824411,875464,0,0,0,0,0
688008.SH,688008,20260325,93530000,1415000,0,0,7795,0,,,3141361,440584303,1415300,1392000,1395000,1375700,1415300,1415500,1415600,1415700,1415800,1415900,1416000,1416200,1416300,1416500,13,5400,215,700,2369,6800,400,313,1000,400,1415000,1414800,1414600,1414500,1414200,1414100,1414000,1413800,1413500,1413300,1025,2631,1286,800,3831,4561,6137,2000,3500,1172,1503920,1374910,1833181,901963,0,0,0,0,0
688008.SH,688008,20260325,93533000,1414800,0,0,7870,0,,,3175262,445382969,1416200,1392000,1395000,1375700,1415000,1415200,1415300,1415400,1415700,1416000,1416200,1416300,1416500,1416600,384,1000,2200,200,400,40,229,1000,2400,3945,1414800,1414700,1414600,1414500,1414400,1414200,1414000,1413900,1413800,1413500,9522,900,3343,2142,200,803,2880,1156,6603,3700,1504360,1375200,1826520,853256,0,0,0,0,0
688008.SH,688008,20260325,93536000,1415000,0,0,7938,0,,,3196359,448368214,1416200,1392000,1395000,1375700,1415500,1415600,1415700,1416000,1416200,1416300,1416500,1416600,1416700,1416800,700,200,400,40,229,1000,2400,3945,3600,867,1415000,1414800,1414700,1414600,1414500,1414400,1414200,1414000,1413900,1413800,861,36432,700,3068,21019,25603,803,2880,1156,9656,1504540,1378150,1824871,922133,0,0,0,0,0
688008.SH,688008,20260325,93539000,1416500,0,0,8053,0,,,3239607,454491073,1416600,1392000,1395000,1375700,1416600,1416700,1416800,1416900,1417000,1417100,1417300,1417500,1417700,1417800,2983,3600,867,400,700,100,1000,300,5945,10000,1416500,1416200,1415500,1415300,1415200,1415100,1415000,1414900,1414800,1414700,4372,600,2721,800,800,700,4909,3052,58632,1300,1504940,1380490,1813541,1020650,0,0,0,0,0
688008.SH,688008,20260325,93542000,1416800,0,0,8136,0,,,3268810,458627946,1417500,1392000,1395000,1375700,1417500,1417700,1417800,1417900,1418000,1418100,1418200,1418500,1418600,1418700,215,5945,10000,1100,2639,1500,200,1498,2205,1400,1416800,1416700,1416600,1416500,1416400,1416200,1416100,1416000,1415900,1415700,8,5407,782,8724,378,1113,1452,670,1532,200,1505450,1380600,1810248,1026018,0,0,0,0,0
688008.SH,688008,20260325,93545000,1417600,0,0,8228,0,,,3327543,466950685,1417800,1392000,1395000,1375700,1417100,1417800,1417900,1418000,1418100,1418200,1418500,1418600,1418700,1418800,5,199,1100,2839,1500,200,1801,1500,1400,17682,1416600,1416500,1415800,1415700,1415600,1415500,1415300,1415200,1415100,1415000,10173,400,5166,1156,12099,5374,1000,1200,1300,4637,1506170,1379740,1796383,998866,0,0,0,0,0
688008.SH,688008,20260325,93548000,1416600,0,0,8280,0,,,3345453,469488766,1418000,1392000,1395000,1375700,1417500,1417700,1418000,1418100,1418200,1418500,1418600,1418700,1418800,1418900,140,200,4902,1500,200,1801,1500,1400,17682,809,1416600,1416500,1415800,1415700,1415600,1415500,1415300,1415200,1415100,1415000,5210,400,5166,1156,12099,2253,1000,3200,1300,4437,1506300,1379490,1804649,990945,0,0,0,0,0
688008.SH,688008,20260325,93551000,1417600,0,0,8425,0,,,3408595,478441976,1419000,1392000,1395000,1375700,1417600,1417800,1417900,1418900,1419000,1419400,1419500,1419600,1419700,1419800,2012,6293,410,482,1412,800,200,5283,2255,9126,1417500,1417100,1416800,1416700,1416600,1416500,1415900,1415800,1415700,1415600,149,1350,3371,1000,11495,400,400,5166,1000,10943,1506880,1379740,1798109,995985,0,0,0,0,0
688008.SH,688008,20260325,93554000,1416600,0,0,8521,0,,,3445548,483680907,1419000,1392000,1395000,1375700,1417500,1417600,1417800,1417900,1418500,1418600,1418700,1418900,1419000,1419200,3415,600,300,1101,1079,148,328,3400,5544,200,1416800,1416600,1416500,1416100,1416000,1415900,1415800,1415700,1415600,1415500,2265,9935,400,1400,500,400,4181,1000,800,4540,1506620,1378060,1805594,948402,0,0,0,0,0
688008.SH,688008,20260325,93557000,1417300,0,0,8651,0,,,3508524,492607815,1419000,1392000,1395000,1375700,1417300,1417500,1417600,1418000,1418700,1418800,1418900,1419200,1419300,1419400,364,126,400,1700,200,800,1678,200,1597,800,1416700,1416600,1416500,1416100,1416000,1415900,1415800,1415700,1415600,1415500,800,4909,400,1400,500,400,2475,1000,800,4540,1507200,1377430,1807782,931956,0,0,0,0,0
688008.SH,688008,20260325,93600000,1418500,0,0,8747,0,,,3544018,497643001,1419500,1392000,1395000,1375700,1419400,1419500,1419600,1419700,1419800,1419900,1420000,1420100,1420500,1420800,316,4935,5483,2255,9726,10569,102589,1200,300,28300,1418700,1418500,1418400,1418000,1417800,1417700,1417600,1417500,1417300,1417000,200,1400,1700,3469,800,1500,3952,6170,2000,2890,1507710,1378290,1800752,953158,0,0,0,0,0
688008.SH,688008,20260325,93603000,1421000,0,0,9176,0,,,3747020,526471698,1421000,1392000,1395000,1375700,1421000,1421200,1421500,1421600,1421800,1421900,1422000,1422300,1422500,1422600,2818,400,4100,200,615,1000,3200,1000,500,296,1420800,1420500,1420100,1420000,1419900,1419800,1419700,1419600,1419500,1419400,7038,669,4265,26718,7649,3986,2600,2900,2300,517,1517370,1381080,1622218,1016240,0,0,0,0,0
688008.SH,688008,20260325,93606000,1421800,0,0,9260,0,,,3778680,530972007,1422500,1392000,1395000,1375700,1422800,1422900,1423000,1423100,1423300,1423500,1423600,1423700,1423800,1423900,2400,200,3166,6633,17967,3100,200,200,800,2400,1421800,1421700,1421600,1421200,1421100,1421000,1420900,1420800,1420000,1419900,537,4731,13138,2328,600,9305,2000,7812,21486,5049,1518030,1381970,1612189,1037245,0,0,0,0,0
688008.SH,688008,20260325,93609000,1423100,0,0,9322,0,,,3821383,537049001,1423400,1392000,1395000,1375700,1423500,1423600,1423700,1423800,1423900,1424000,1424200,1424300,1424500,1424800,3100,200,200,800,2400,200,600,3000,700,3000,1423100,1422900,1422800,1421900,1421800,1421600,1421200,1421000,1420900,1420800,3110,400,1392,600,1020,12056,2328,9279,1800,3463,1519640,1380730,1588322,1004967,0,0,0,0,0
688008.SH,688008,20260325,93612000,1419600,0,0,9464,0,,,3880172,545404006,1423400,1392000,1395000,1375700,1419700,1419800,1419900,1420100,1420300,1420400,1420700,1420800,1420900,1421000,1450,1300,169,600,5800,1000,7200,9556,20175,9800,1419600,1419500,1419400,1419300,1419200,1419100,1419000,1418900,1418800,1418700,347,1500,8080,1200,1000,400,700,200,400,5738,1513960,1378480,1686974,949316,0,0,0,0,0
688008.SH,688008,20260325,93615000,1419300,0,0,9598,0,,,3935269,553227469,1423400,1392000,1395000,1375700,1420700,1420800,1420900,1421000,1421100,1421200,1421600,1421800,1422100,1422600,1722,200,2218,4800,5800,3200,4400,1200,4280,512,1419300,1419200,1419100,1419000,1418900,1418800,1418700,1418600,1418500,1418400,280,100,400,700,200,400,5738,400,7232,1100,1516550,1377910,1631943,935188,0,0,0,0,0
688008.SH,688008,20260325,93618000,1421000,0,0,9660,0,,,3957321,556360583,1423400,1392000,1395000,1375700,1421700,1422100,1422300,1422500,1422600,1422700,1422800,1422900,1423000,1423100,3135,1464,200,200,400,220,300,200,1113,5585,1421000,1420200,1420100,1420000,1419900,1419800,1419700,1419600,1419000,1418900,100,1000,2234,4294,200,300,499,48,1164,200,1517440,1377920,1619633,933653,0,0,0,0,0
688008.SH,688008,20260325,93621000,1421000,0,0,9710,0,,,3969142,558040175,1423400,1392000,1395000,1375700,1421700,1421800,1422000,1422100,1422200,1422300,1422500,1422600,1422700,1422800,4259,200,3089,1464,10000,200,200,400,220,300,1420000,1419900,1419800,1419700,1419600,1419300,1419000,1418900,1418800,1418700,6439,200,300,3099,48,1000,680,200,200,3100,1516180,1377990,1644038,935223,0,0,0,0,0
688008.SH,688008,20260325,93624000,1419900,0,0,9768,0,,,3990502,561074698,1423400,1392000,1395000,1375700,1420000,1421000,1421400,1421600,1421700,1421800,1422000,1422100,1422200,1422300,200,500,400,3352,1505,200,3789,1464,10000,200,1419900,1419800,1419700,1419600,1419300,1419200,1419000,1418900,1418800,1418700,387,300,6013,248,2400,200,680,200,200,2500,1515920,1377820,1656736,930993,0,0,0,0,0
688008.SH,688008,20260325,93627000,1419000,0,0,9832,0,,,4010647,563935371,1423400,1392000,1395000,1375700,1419200,1419300,1419500,1419600,1419900,1420000,1420400,1420800,1421000,1421300,200,200,500,248,3482,2343,1011,300,3119,200,1419000,1418900,1418800,1418700,1418600,1418500,1418400,1418200,1418000,1417800,118,200,400,1500,200,3792,1100,200,4267,1300,1514630,1377340,1684092,919365,0,0,0,0,0
688008.SH,688008,20260325,93630000,1418200,0,0,9902,0,,,4027130,566274326,1423400,1392000,1395000,1375700,1418700,1419000,1419200,1419300,1419700,1419800,1419900,1420000,1420100,1420400,8,3084,1745,232,4000,300,3528,10210,200,1011,1418000,1417800,1417700,1417600,1417500,1417300,1417200,1417100,1416700,1416600,4267,1300,700,11094,12544,6505,200,2000,1314,5156,1512370,1376790,1731978,905039,0,0,0,0,0
688008.SH,688008,20260325,93633000,1417800,0,0,10018,0,,,4093410,575669623,1423400,1392000,1395000,1375700,1417800,1417900,1418000,1418600,1418700,1418800,1419000,1419200,1419500,1419700,1301,1969,3887,1645,8,400,4584,600,1121,4000,1417100,1416900,1416700,1416600,1416500,1415900,1415700,1415600,1415500,1415300,400,200,39,5156,400,1100,1000,800,200,800,1510770,1374890,1763741,864655,0,0,0,0,0
688008.SH,688008,20260325,93636000,1417000,0,0,10053,0,,,4102765,576995731,1423400,1392000,1395000,1375700,1418000,1418100,1418200,1418300,1418500,1418600,1418700,1418800,1419000,1419200,3706,200,400,200,400,1645,8,400,4600,200,1417000,1416900,1416800,1416700,1416600,1416500,1415900,1415700,1415600,1415500,2628,4913,2713,2713,4359,400,1100,1000,800,200,1510880,1375430,1772887,875986,0,0,0,0,0
688008.SH,688008,20260325,93639000,1418700,0,0,10166,0,,,4148251,583444991,1423400,1392000,1395000,1375700,1419000,1419200,1419500,1419700,1419800,1419900,1420000,1420400,1420800,1421000,1522,200,1121,4000,300,2728,21315,1011,300,17448,1418700,1418000,1417900,1417800,1417500,1417400,1417200,1417100,1417000,1416900,17712,203,415,498,913,1578,483,500,2514,400,1511200,1376170,1777620,892118,0,0,0,0,0
688008.SH,688008,20260325,93642000,1418600,0,0,10201,0,,,4174042,587103985,1423400,1392000,1395000,1375700,1418600,1418700,1418900,1419000,1419200,1419500,1419700,1419800,1419900,1420000,1578,200,3220,623,200,1121,4000,4247,2728,19715,1418100,1418000,1417800,1417500,1417400,1417100,1417000,1416900,1416700,1416600,300,2003,1280,913,913,5500,1285,200,1465,4359,1511150,1375560,1777700,882334,0,0,0,0,0
688008.SH,688008,20260325,93645000,1418000,0,0,10237,0,,,4186941,588933430,1423400,1392000,1395000,1375700,1417600,1418000,1418100,1418600,1418700,1418800,1418900,1419000,1419500,1419700,300,1432,1072,600,1600,503,535,823,1621,4000,1417300,1417200,1417100,1417000,1416900,1416700,1416600,1416500,1416000,1415900,1000,2430,5961,1285,200,913,4359,400,200,1100,1511670,1374170,1796510,844050,0,0,0,0,0
688008.SH,688008,20260325,93648000,1417400,0,0,10262,0,,,4194628,590023111,1423400,1392000,1395000,1375700,1417300,1417400,1417500,1417800,1418100,1418500,1418600,1418700,1418800,1418900,305,171,3652,600,1519,2714,700,1800,503,535,1417100,1417000,1416600,1416500,1416000,1415900,1415600,1415500,1415300,1415200,4492,1285,4359,600,200,1100,800,200,800,2400,1511080,1373860,1810311,838224,0,0,0,0,0
688008.SH,688008,20260325,93651000,1416600,0,0,10303,0,,,4212187,592511177,1423400,1392000,1395000,1375700,1416800,1417000,1417100,1417200,1417300,1417400,1417500,1417600,1417700,1417800,1300,1393,1908,128,1100,171,1622,400,1000,600,1416500,1416000,1415900,1415600,1415500,1415300,1415200,1415100,1415000,1414900,600,200,1100,800,200,500,2400,200,3676,2200,1510550,1373460,1821673,828521,0,0,0,0,0
688008.SH,688008,20260325,93654000,1416800,0,0,10358,0,,,4233735,595564482,1423400,1392000,1395000,1375700,1417300,1417400,1417600,1417700,1417800,1417900,1418000,1418100,1418400,1418500,3493,571,400,1000,600,2000,960,3219,500,2435,1416800,1416500,1416000,1415600,1415500,1415300,1415200,1415100,1415000,1414900,50,19,200,601,200,500,2400,200,3876,2200,1510220,1373480,1829145,831248,0,0,0,0,0
688008.SH,688008,20260325,93657000,1416800,0,0,10398,0,,,4242462,596800748,1423400,1392000,1395000,1375700,1416600,1416800,1417000,1417100,1417200,1417300,1417400,1417600,1417700,1417900,1200,942,200,286,831,6337,400,400,1000,2200,1415700,1415600,1415500,1415300,1415200,1415100,1415000,1414900,1414800,1414500,200,601,200,500,2400,200,3876,2200,21200,14219,1509970,1373480,1832871,830979,0,0,0,0,0
688008.SH,688008,20260325,93700000,1415600,0,0,10422,0,,,4248790,597696728,1423400,1392000,1395000,1375700,1415600,1415700,1416300,1416400,1416500,1416600,1416700,1416800,1416900,1417000,1946,1193,2700,1000,11016,1138,4280,3192,300,400,1415500,1415300,1415200,1415100,1415000,1414900,1414800,1414500,1413800,1413500,1,500,2400,200,3876,2200,21200,14219,6121,3500,1508210,1373410,1876665,830081,0,0,0,0,0
688008.SH,688008,20260325,93703000,1415600,0,0,10472,0,,,4266591,600217089,1423400,1392000,1395000,1375700,1416400,1416500,1416700,1416800,1416900,1417000,1417100,1417200,1417300,1417400,1172,10516,4680,9423,300,1600,471,1331,6137,400,1415600,1415000,1414900,1414800,1414500,1413800,1413500,1413200,1413000,1412800,200,2704,2200,21200,14219,6121,3500,2523,2700,200,1507660,1372980,1887007,822282,0,0,0,0,0
688008.SH,688008,20260325,93706000,1415400,0,0,10490,0,,,4269794,600670515,1423400,1392000,1395000,1375700,1415400,1415500,1415600,1415700,1416000,1416400,1416500,1416600,1416700,1416800,108,1917,800,400,500,5897,9916,200,400,11729,1415100,1415000,1414900,1414800,1414500,1413800,1413500,1413200,1413000,1412800,1295,3004,2200,21200,14219,6121,3500,2523,2700,200,1507220,1373130,1899496,826626,0,0,0,0,0
688008.SH,688008,20260325,93709000,1413000,0,0,10564,0,,,4332531,609543860,1423400,1392000,1395000,1375700,1413500,1413600,1413700,1413800,1414300,1414400,1414500,1414700,1414800,1414900,100,400,400,200,1400,2700,17778,600,2107,2400,1413000,1412800,1412600,1412500,1412400,1412100,1412000,1411900,1411800,1411700,1148,200,3606,400,600,2823,200,200,400,629,1505690,1370360,1932618,778051,0,0,0,0,0
688008.SH,688008,20260325,93712000,1413000,0,0,10596,0,,,4339231,610490927,1423400,1392000,1395000,1375700,1413500,1413700,1413800,1413900,1414000,1414300,1414400,1414500,1414700,1414800,1421,395,400,115,5767,800,1900,16200,600,2107,1413000,1412800,1412600,1412500,1412400,1412100,1412000,1411900,1411800,1411700,93,200,3606,400,600,2823,200,200,400,629,1505150,1370320,1948240,777848,0,0,0,0,0
688008.SH,688008,20260325,93715000,1412700,0,0,10621,0,,,4347194,611615878,1423400,1392000,1395000,1375700,1412700,1412800,1413000,1413400,1413500,1413900,1414000,1414300,1414400,1414500,2859,1136,7882,279,624,115,5767,200,1900,15000,1412500,1412400,1412100,1412000,1411900,1411800,1411700,1411500,1411300,1411200,400,600,2823,200,700,400,629,400,11200,3000,1504930,1369950,1954559,770068,0,0,0,0,0
