万得代码,交易所代码,自然日,时间,成交价,成交量,成交额,成交笔数,IOPV,成交标志,BS标志,当日累计成交量,当日成交额,最高价,最低价,开盘价,前收盘,申卖价1,申卖价2,申卖价3,申卖价4,申卖价5,申卖价6,申卖价7,申卖价8,申卖价9,申卖价10,申卖量1,申卖量2,申卖量3,申卖量4,申卖量5,申卖量6,申卖量7,申卖量8,申卖量9,申卖量10,申买价1,申买价2,申买价3,申买价4,申买价5,申买价6,申买价7,申买价8,申买价9,申买价10,申买量1,申买量2,申买量3,申买量4,申买量5,申买量6,申买量7,申买量8,申买量9,申买量10,加权平均叫卖价,加权平均叫买价,叫卖总量,叫买总量,不加权指数,品种总数,上涨品种数,下跌品种数,持平品种数
300502.SZ,300502,20260325,91500000,0,0,0,0,0,,,0,0,0,0,0,4680000,4780000,0,0,0,0,0,0,0,0,0,17300,200,0,0,0,0,0,0,0,0,4780000,0,0,0,0,0,0,0,0,0,17300,0,0,0,0,0,0,0,0,0,0,0,0,0,0,0,0,0,0
300502.SZ,300502,20260325,91509000,0,0,0,0,0,,,0,0,0,0,0,4680000,4790000,0,0,0,0,0,0,0,0,0,35400,1620,0,0,0,0,0,0,0,0,4790000,0,0,0,0,0,0,0,0,0,35400,0,0,0,0,0,0,0,0,0,0,0,0,0,0,0,0,0,0
300502.SZ,300502,20260325,91518000,0,0,0,0,0,,,0,0,0,0,0,4680000,4790000,0,0,0,0,0,0,0,0,0,35800,1222,0,0,0,0,0,0,0,0,4790000,0,0,0,0,0,0,0,0,0,35800,0,0,0,0,0,0,0,0,0,0,0,0,0,0,0,0,0,0
300502.SZ,300502,20260325,91527000,0,0,0,0,0,,,0,0,0,0,0,4680000,4790000,0,0,0,0,0,0,0,0,0,36000,2222,0,0,0,0,0,0,0,0,4790000,0,0,0,0,0,0,0,0,0,36000,0,0,0,0,0,0,0,0,0,0,0,0,0,0,0,0,0,0
300502.SZ,300502,20260325,91536000,0,0,0,0,0,,,0,0,0,0,0,4680000,4790000,0,0,0,0,0,0,0,0,0,36500,3222,0,0,0,0,0,0,0,0,4790000,0,0,0,0,0,0,0,0,0,36500,0,0,0,0,0,0,0,0,0,0,0,0,0,0,0,0,0,0
300502.SZ,300502,20260325,91545000,0,0,0,0,0,,,0,0,0,0,0,4680000,4790000,0,0,0,0,0,0,0,0,0,38500,3122,0,0,0,0,0,0,0,0,4790000,0,0,0,0,0,0,0,0,0,38500,0,0,0,0,0,0,0,0,0,0,0,0,0,0,0,0,0,0
300502.SZ,300502,20260325,91554000,0,0,0,0,0,,,0,0,0,0,0,4680000,4800000,0,0,0,0,0,0,0,0,0,58800,10322,0,0,0,0,0,0,0,0,4800000,0,0,0,0,0,0,0,0,0,58800,0,0,0,0,0,0,0,0,0,0,0,0,0,0,0,0,0,0
300502.SZ,300502,20260325,91603000,0,0,0,0,0,,,0,0,0,0,0,4680000,4800000,0,0,0,0,0,0,0,0,0,61500,7822,0,0,0,0,0,0,0,0,4800000,0,0,0,0,0,0,0,0,0,61500,0,0,0,0,0,0,0,0,0,0,0,0,0,0,0,0,0,0
300502.SZ,300502,20260325,91612000,0,0,0,0,0,,,0,0,0,0,0,4680000,4800000,0,0,0,0,0,0,0,0,0,61100,9722,0,0,0,0,0,0,0,0,4800000,0,0,0,0,0,0,0,0,0,61100,0,0,0,0,0,0,0,0,0,0,0,0,0,0,0,0,0,0
300502.SZ,300502,20260325,91621000,0,0,0,0,0,,,0,0,0,0,0,4680000,4800000,0,0,0,0,0,0,0,0,0,63400,7122,0,0,0,0,0,0,0,0,4800000,0,0,0,0,0,0,0,0,0,63400,0,0,0,0,0,0,0,0,0,0,0,0,0,0,0,0,0,0
300502.SZ,300502,20260325,91630000,0,0,0,0,0,,,0,0,0,0,0,4680000,4800000,0,0,0,0,0,0,0,0,0,63500,7922,0,0,0,0,0,0,0,0,4800000,0,0,0,0,0,0,0,0,0,63500,0,0,0,0,0,0,0,0,0,0,0,0,0,0,0,0,0,0
300502.SZ,300502,20260325,91639000,0,0,0,0,0,,,0,0,0,0,0,4680000,4800000,0,0,0,0,0,0,0,0,0,64000,9722,0,0,0,0,0,0,0,0,4800000,0,0,0,0,0,0,0,0,0,64000,0,0,0,0,0,0,0,0,0,0,0,0,0,0,0,0,0,0
300502.SZ,300502,20260325,91648000,0,0,0,0,0,,,0,0,0,0,0,4680000,4800000,0,0,0,0,0,0,0,0,0,65600,7922,0,0,0,0,0,0,0,0,4800000,0,0,0,0,0,0,0,0,0,65600,0,0,0,0,0,0,0,0,0,0,0,0,0,0,0,0,0,0
300502.SZ,300502,20260325,91657000,0,0,0,0,0,,,0,0,0,0,0,4680000,4800000,0,0,0,0,0,0,0,0,0,66100,6722,0,0,0,0,0,0,0,0,4800000,0,0,0,0,0,0,0,0,0,66100,0,0,0,0,0,0,0,0,0,0,0,0,0,0,0,0,0,0
300502.SZ,300502,20260325,91706000,0,0,0,0,0,,,0,0,0,0,0,4680000,4800000,0,0,0,0,0,0,0,0,0,66300,8022,0,0,0,0,0,0,0,0,4800000,0,0,0,0,0,0,0,0,0,66300,0,0,0,0,0,0,0,0,0,0,0,0,0,0,0,0,0,0
300502.SZ,300502,20260325,91715000,0,0,0,0,0,,,0,0,0,0,0,4680000,4800000,0,0,0,0,0,0,0,0,0,66600,9722,0,0,0,0,0,0,0,0,4800000,0,0,0,0,0,0,0,0,0,66600,0,0,0,0,0,0,0,0,0,0,0,0,0,0,0,0,0,0
300502.SZ,300502,20260325,91724000,0,0,0,0,0,,,0,0,0,0,0,4680000,4800000,0,0,0,0,0,0,0,0,0,67600,12222,0,0,0,0,0,0,0,0,4800000,0,0,0,0,0,0,0,0,0,67600,0,0,0,0,0,0,0,0,0,0,0,0,0,0,0,0,0,0
300502.SZ,300502,20260325,91733000,0,0,0,0,0,,,0,0,0,0,0,4680000,4800000,0,0,0,0,0,0,0,0,0,68200,13422,0,0,0,0,0,0,0,0,4800000,0,0,0,0,0,0,0,0,0,68200,0,0,0,0,0,0,0,0,0,0,0,0,0,0,0,0,0,0
300502.SZ,300502,20260325,91742000,0,0,0,0,0,,,0,0,0,0,0,4680000,4800000,0,0,0,0,0,0,0,0,0,82922,0,0,0,0,0,0,0,0,0,4800000,0,0,0,0,0,0,0,0,0,82922,6178,0,0,0,0,0,0,0,0,0,0,0,0,0,0,0,0,0
300502.SZ,300502,20260325,91751000,0,0,0,0,0,,,0,0,0,0,0,4680000,4800000,0,0,0,0,0,0,0,0,0,84722,0,0,0,0,0,0,0,0,0,4800000,0,0,0,0,0,0,0,0,0,84722,4478,0,0,0,0,0,0,0,0,0,0,0,0,0,0,0,0,0
300502.SZ,300502,20260325,91800000,0,0,0,0,0,,,0,0,0,0,0,4680000,4800000,0,0,0,0,0,0,0,0,0,89122,0,0,0,0,0,0,0,0,0,4800000,0,0,0,0,0,0,0,0,0,89122,3678,0,0,0,0,0,0,0,0,0,0,0,0,0,0,0,0,0
300502.SZ,300502,20260325,91809000,0,0,0,0,0,,,0,0,0,0,0,4680000,4800000,0,0,0,0,0,0,0,0,0,90422,0,0,0,0,0,0,0,0,0,4800000,0,0,0,0,0,0,0,0,0,90422,2578,0,0,0,0,0,0,0,0,0,0,0,0,0,0,0,0,0
300502.SZ,300502,20260325,91818000,0,0,0,0,0,,,0,0,0,0,0,4680000,4800000,0,0,0,0,0,0,0,0,0,91722,0,0,0,0,0,0,0,0,0,4800000,0,0,0,0,0,0,0,0,0,91722,2378,0,0,0,0,0,0,0,0,0,0,0,0,0,0,0,0,0
300502.SZ,300502,20260325,91827000,0,0,0,0,0,,,0,0,0,0,0,4680000,4800000,0,0,0,0,0,0,0,0,0,92422,0,0,0,0,0,0,0,0,0,4800000,0,0,0,0,0,0,0,0,0,92422,10478,0,0,0,0,0,0,0,0,0,0,0,0,0,0,0,0,0
300502.SZ,300502,20260325,91836000,0,0,0,0,0,,,0,0,0,0,0,4680000,4800000,0,0,0,0,0,0,0,0,0,93522,0,0,0,0,0,0,0,0,0,4800000,0,0,0,0,0,0,0,0,0,93522,22578,0,0,0,0,0,0,0,0,0,0,0,0,0,0,0,0,0
300502.SZ,300502,20260325,91845000,0,0,0,0,0,,,0,0,0,0,0,4680000,4800000,0,0,0,0,0,0,0,0,0,94822,0,0,0,0,0,0,0,0,0,4800000,0,0,0,0,0,0,0,0,0,94822,21678,0,0,0,0,0,0,0,0,0,0,0,0,0,0,0,0,0
300502.SZ,300502,20260325,91854000,0,0,0,0,0,,,0,0,0,0,0,4680000,4800000,0,0,0,0,0,0,0,0,0,95022,0,0,0,0,0,0,0,0,0,4800000,0,0,0,0,0,0,0,0,0,95022,22078,0,0,0,0,0,0,0,0,0,0,0,0,0,0,0,0,0
300502.SZ,300502,20260325,91903000,0,0,0,0,0,,,0,0,0,0,0,4680000,4800000,0,0,0,0,0,0,0,0,0,94222,0,0,0,0,0,0,0,0,0,4800000,0,0,0,0,0,0,0,0,0,94222,1378,0,0,0,0,0,0,0,0,0,0,0,0,0,0,0,0,0
300502.SZ,300502,20260325,91912000,0,0,0,0,0,,,0,0,0,0,0,4680000,4800000,0,0,0,0,0,0,0,0,0,97700,322,0,0,0,0,0,0,0,0,4800000,0,0,0,0,0,0,0,0,0,97700,0,0,0,0,0,0,0,0,0,0,0,0,0,0,0,0,0,0
300502.SZ,300502,20260325,91921000,0,0,0,0,0,,,0,0,0,0,0,4680000,4800000,0,0,0,0,0,0,0,0,0,100500,4522,0,0,0,0,0,0,0,0,4800000,0,0,0,0,0,0,0,0,0,100500,0,0,0,0,0,0,0,0,0,0,0,0,0,0,0,0,0,0
300502.SZ,300502,20260325,91930000,0,0,0,0,0,,,0,0,0,0,0,4680000,4800000,0,0,0,0,0,0,0,0,0,101900,5722,0,0,0,0,0,0,0,0,4800000,0,0,0,0,0,0,0,0,0,101900,0,0,0,0,0,0,0,0,0,0,0,0,0,0,0,0,0,0
300502.SZ,300502,20260325,91939000,0,0,0,0,0,,,0,0,0,0,0,4680000,4800000,0,0,0,0,0,0,0,0,0,101900,6122,0,0,0,0,0,0,0,0,4800000,0,0,0,0,0,0,0,0,0,101900,0,0,0,0,0,0,0,0,0,0,0,0,0,0,0,0,0,0
300502.SZ,300502,20260325,91948000,0,0,0,0,0,,,0,0,0,0,0,4680000,4800000,0,0,0,0,0,0,0,0,0,111600,8622,0,0,0,0,0,0,0,0,4800000,0,0,0,0,0,0,0,0,0,111600,0,0,0,0,0,0,0,0,0,0,0,0,0,0,0,0,0,0
300502.SZ,300502,20260325,91957000,0,0,0,0,0,,,0,0,0,0,0,4680000,4800000,0,0,0,0,0,0,0,0,0,114100,7422,0,0,0,0,0,0,0,0,4800000,0,0,0,0,0,0,0,0,0,114100,0,0,0,0,0,0,0,0,0,0,0,0,0,0,0,0,0,0
300502.SZ,300502,20260325,92000000,0,0,0,0,0,,,0,0,0,0,0,4680000,4800000,0,0,0,0,0,0,0,0,0,117222,0,0,0,0,0,0,0,0,0,4800000,0,0,0,0,0,0,0,0,0,117222,9778,0,0,0,0,0,0,0,0,0,0,0,0,0,0,0,0,0
300502.SZ,300502,20260325,92009000,0,0,0,0,0,,,0,0,0,0,0,4680000,4800000,0,0,0,0,0,0,0,0,0,119522,0,0,0,0,0,0,0,0,0,4800000,0,0,0,0,0,0,0,0,0,119522,21178,0,0,0,0,0,0,0,0,0,0,0,0,0,0,0,0,0
300502.SZ,300502,20260325,92018000,0,0,0,0,0,,,0,0,0,0,0,4680000,4800000,0,0,0,0,0,0,0,0,0,121622,0,0,0,0,0,0,0,0,0,4800000,0,0,0,0,0,0,0,0,0,121622,21578,0,0,0,0,0,0,0,0,0,0,0,0,0,0,0,0,0
300502.SZ,300502,20260325,92027000,0,0,0,0,0,,,0,0,0,0,0,4680000,4809000,0,0,0,0,0,0,0,0,0,124322,0,0,0,0,0,0,0,0,0,4809000,0,0,0,0,0,0,0,0,0,124322,78,0,0,0,0,0,0,0,0,0,0,0,0,0,0,0,0,0
300502.SZ,300502,20260325,92036000,0,0,0,0,0,,,0,0,0,0,0,4680000,4810000,0,0,0,0,0,0,0,0,0,129200,2322,0,0,0,0,0,0,0,0,4810000,0,0,0,0,0,0,0,0,0,129200,0,0,0,0,0,0,0,0,0,0,0,0,0,0,0,0,0,0
300502.SZ,300502,20260325,92045000,0,0,0,0,0,,,0,0,0,0,0,4680000,4810000,0,0,0,0,0,0,0,0,0,129900,2822,0,0,0,0,0,0,0,0,4810000,0,0,0,0,0,0,0,0,0,129900,0,0,0,0,0,0,0,0,0,0,0,0,0,0,0,0,0,0
300502.SZ,300502,20260325,92054000,0,0,0,0,0,,,0,0,0,0,0,4680000,4810000,0,0,0,0,0,0,0,0,0,134622,0,0,0,0,0,0,0,0,0,4810000,0,0,0,0,0,0,0,0,0,134622,4078,0,0,0,0,0,0,0,0,0,0,0,0,0,0,0,0,0
300502.SZ,300502,20260325,92103000,0,0,0,0,0,,,0,0,0,0,0,4680000,4810000,0,0,0,0,0,0,0,0,0,135622,0,0,0,0,0,0,0,0,0,4810000,0,0,0,0,0,0,0,0,0,135622,10378,0,0,0,0,0,0,0,0,0,0,0,0,0,0,0,0,0
300502.SZ,300502,20260325,92112000,0,0,0,0,0,,,0,0,0,0,0,4680000,4820000,0,0,0,0,0,0,0,0,0,156222,0,0,0,0,0,0,0,0,0,4820000,0,0,0,0,0,0,0,0,0,156222,878,0,0,0,0,0,0,0,0,0,0,0,0,0,0,0,0,0
300502.SZ,300502,20260325,92121000,0,0,0,0,0,,,0,0,0,0,0,4680000,4820000,0,0,0,0,0,0,0,0,0,157922,0,0,0,0,0,0,0,0,0,4820000,0,0,0,0,0,0,0,0,0,157922,5678,0,0,0,0,0,0,0,0,0,0,0,0,0,0,0,0,0
300502.SZ,300502,20260325,92130000,0,0,0,0,0,,,0,0,0,0,0,4680000,4820000,0,0,0,0,0,0,0,0,0,160022,0,0,0,0,0,0,0,0,0,4820000,0,0,0,0,0,0,0,0,0,160022,8778,0,0,0,0,0,0,0,0,0,0,0,0,0,0,0,0,0
300502.SZ,300502,20260325,92139000,0,0,0,0,0,,,0,0,0,0,0,4680000,4822000,0,0,0,0,0,0,0,0,0,165100,2522,0,0,0,0,0,0,0,0,4822000,0,0,0,0,0,0,0,0,0,165100,0,0,0,0,0,0,0,0,0,0,0,0,0,0,0,0,0,0
300502.SZ,300502,20260325,92148000,0,0,0,0,0,,,0,0,0,0,0,4680000,4830000,0,0,0,0,0,0,0,0,0,175122,0,0,0,0,0,0,0,0,0,4830000,0,0,0,0,0,0,0,0,0,175122,678,0,0,0,0,0,0,0,0,0,0,0,0,0,0,0,0,0
300502.SZ,300502,20260325,92157000,0,0,0,0,0,,,0,0,0,0,0,4680000,4830000,0,0,0,0,0,0,0,0,0,197422,0,0,0,0,0,0,0,0,0,4830000,0,0,0,0,0,0,0,0,0,197422,878,0,0,0,0,0,0,0,0,0,0,0,0,0,0,0,0,0
300502.SZ,300502,20260325,92206000,0,0,0,0,0,,,0,0,0,0,0,4680000,4830000,0,0,0,0,0,0,0,0,0,204222,0,0,0,0,0,0,0,0,0,4830000,0,0,0,0,0,0,0,0,0,204222,12578,0,0,0,0,0,0,0,0,0,0,0,0,0,0,0,0,0
300502.SZ,300502,20260325,92215000,0,0,0,0,0,,,0,0,0,0,0,4680000,4830000,0,0,0,0,0,0,0,0,0,208122,0,0,0,0,0,0,0,0,0,4830000,0,0,0,0,0,0,0,0,0,208122,23978,0,0,0,0,0,0,0,0,0,0,0,0,0,0,0,0,0
300502.SZ,300502,20260325,92224000,0,0,0,0,0,,,0,0,0,0,0,4680000,4849700,0,0,0,0,0,0,0,0,0,220600,422,0,0,0,0,0,0,0,0,4849700,0,0,0,0,0,0,0,0,0,220600,0,0,0,0,0,0,0,0,0,0,0,0,0,0,0,0,0,0
300502.SZ,300502,20260325,92233000,0,0,0,0,0,,,0,0,0,0,0,4680000,4849700,0,0,0,0,0,0,0,0,0,227422,0,0,0,0,0,0,0,0,0,4849700,0,0,0,0,0,0,0,0,0,227422,678,0,0,0,0,0,0,0,0,0,0,0,0,0,0,0,0,0
300502.SZ,300502,20260325,92242000,0,0,0,0,0,,,0,0,0,0,0,4680000,4849700,0,0,0,0,0,0,0,0,0,232500,322,0,0,0,0,0,0,0,0,4849700,0,0,0,0,0,0,0,0,0,232500,0,0,0,0,0,0,0,0,0,0,0,0,0,0,0,0,0,0
300502.SZ,300502,20260325,92251000,0,0,0,0,0,,,0,0,0,0,0,4680000,4850000,0,0,0,0,0,0,0,0,0,254122,0,0,0,0,0,0,0,0,0,4850000,0,0,0,0,0,0,0,0,0,254122,7478,0,0,0,0,0,0,0,0,0,0,0,0,0,0,0,0,0
300502.SZ,300502,20260325,92300000,0,0,0,0,0,,,0,0,0,0,0,4680000,4850000,0,0,0,0,0,0,0,0,0,264122,0,0,0,0,0,0,0,0,0,4850000,0,0,0,0,0,0,0,0,0,264122,4078,0,0,0,0,0,0,0,0,0,0,0,0,0,0,0,0,0
300502.SZ,300502,20260325,92309000,0,0,0,0,0,,,0,0,0,0,0,4680000,4859800,0,0,0,0,0,0,0,0,0,275200,22,0,0,0,0,0,0,0,0,4859800,0,0,0,0,0,0,0,0,0,275200,0,0,0,0,0,0,0,0,0,0,0,0,0,0,0,0,0,0
300502.SZ,300502,20260325,92318000,0,0,0,0,0,,,0,0,0,0,0,4680000,4850000,0,0,0,0,0,0,0,0,0,281322,0,0,0,0,0,0,0,0,0,4850000,0,0,0,0,0,0,0,0,0,281322,10078,0,0,0,0,0,0,0,0,0,0,0,0,0,0,0,0,0
300502.SZ,300502,20260325,92327000,0,0,0,0,0,,,0,0,0,0,0,4680000,4850000,0,0,0,0,0,0,0,0,0,294722,0,0,0,0,0,0,0,0,0,4850000,0,0,0,0,0,0,0,0,0,294722,4178,0,0,0,0,0,0,0,0,0,0,0,0,0,0,0,0,0
300502.SZ,300502,20260325,92336000,0,0,0,0,0,,,0,0,0,0,0,4680000,4880000,0,0,0,0,0,0,0,0,0,340400,12622,0,0,0,0,0,0,0,0,4880000,0,0,0,0,0,0,0,0,0,340400,0,0,0,0,0,0,0,0,0,0,0,0,0,0,0,0,0,0
300502.SZ,300502,20260325,92345000,0,0,0,0,0,,,0,0,0,0,0,4680000,4890100,0,0,0,0,0,0,0,0,0,383922,0,0,0,0,0,0,0,0,0,4890100,0,0,0,0,0,0,0,0,0,383922,378,0,0,0,0,0,0,0,0,0,0,0,0,0,0,0,0,0
300502.SZ,300502,20260325,92354000,0,0,0,0,0,,,0,0,0,0,0,4680000,4900000,0,0,0,0,0,0,0,0,0,446200,122622,0,0,0,0,0,0,0,0,4900000,0,0,0,0,0,0,0,0,0,446200,0,0,0,0,0,0,0,0,0,0,0,0,0,0,0,0,0,0
300502.SZ,300502,20260325,92403000,0,0,0,0,0,,,0,0,0,0,0,4680000,4900000,0,0,0,0,0,0,0,0,0,541300,41822,0,0,0,0,0,0,0,0,4900000,0,0,0,0,0,0,0,0,0,541300,0,0,0,0,0,0,0,0,0,0,0,0,0,0,0,0,0,0
300502.SZ,300502,20260325,92412000,0,0,0,0,0,,,0,0,0,0,0,4680000,4900000,0,0,0,0,0,0,0,0,0,592700,13007,0,0,0,0,0,0,0,0,4900000,0,0,0,0,0,0,0,0,0,592700,0,0,0,0,0,0,0,0,0,0,0,0,0,0,0,0,0,0
300502.SZ,300502,20260325,92421000,0,0,0,0,0,,,0,0,0,0,0,4680000,4900000,0,0,0,0,0,0,0,0,0,629707,0,0,0,0,0,0,0,0,0,4900000,0,0,0,0,0,0,0,0,0,629707,41893,0,0,0,0,0,0,0,0,0,0,0,0,0,0,0,0,0
300502.SZ,300502,20260325,92430000,0,0,0,0,0,,,0,0,0,0,0,4680000,4900000,0,0,0,0,0,0,0,0,0,718800,4907,0,0,0,0,0,0,0,0,4900000,0,0,0,0,0,0,0,0,0,718800,0,0,0,0,0,0,0,0,0,0,0,0,0,0,0,0,0,0
300502.SZ,300502,20260325,92439000,0,0,0,0,0,,,0,0,0,0,0,4680000,4900000,0,0,0,0,0,0,0,0,0,782200,93907,0,0,0,0,0,0,0,0,4900000,0,0,0,0,0,0,0,0,0,782200,0,0,0,0,0,0,0,0,0,0,0,0,0,0,0,0,0,0
300502.SZ,300502,20260325,92448000,0,0,0,0,0,,,0,0,0,0,0,4680000,4900000,0,0,0,0,0,0,0,0,0,961107,0,0,0,0,0,0,0,0,0,4900000,0,0,0,0,0,0,0,0,0,961107,120793,0,0,0,0,0,0,0,0,0,0,0,0,0,0,0,0,0
300502.SZ,300502,20260325,92457000,0,0,0,0,0,,,0,0,0,0,0,4680000,4902100,0,0,0,0,0,0,0,0,0,1071409,0,0,0,0,0,0,0,0,0,4902100,0,0,0,0,0,0,0,0,0,1071409,61091,0,0,0,0,0,0,0,0,0,0,0,0,0,0,0,0,0
300502.SZ,300502,20260325,92500000,4902100,0,0,3173,0,,,1148506,563009126,4902100,4902100,4902100,4680000,4902700,4902800,4902900,4903000,4904900,4905000,4905400,4905600,4906000,4906600,100,300,100,100,100,110,100,100,100,200,4902100,4902000,4901800,4901500,4901200,4901000,4900600,4900400,4900300,4900200,130094,4000,100,100,2500,200,300,2400,800,300,5130500,4722700,716680,1134794,0,0,0,0,0
300502.SZ,300502,20260325,93000000,4899800,0,0,4579,0,,,1970240,965740043,4920000,4880000,4902100,4680000,4899800,4900000,4900300,4900500,4900600,4900700,4900800,4900900,4901000,4901100,11800,73400,2200,100,1100,100,200,100,2400,2300,4880000,4875500,4872700,4870000,4869800,4868800,4862700,4861100,4860500,4860100,4000,200,100,2000,200,1000,100,200,300,400,5056800,4601400,1872444,682900,0,0,0,0,0
300502.SZ,300502,20260325,93003000,4900000,0,0,5853,0,,,2331240,1142363227,4920000,4862700,4902100,4680000,4900000,4900100,4900300,4900500,4900600,4900700,4900800,4900900,4901000,4901100,50798,300,2200,100,1500,100,900,200,3800,2800,4861100,4860500,4860100,4860000,4859800,4859700,4858800,4858000,4855800,4855000,200,300,400,5700,1000,100,200,100,400,600,5053800,4598600,2264909,673000,0,0,0,0,0
300502.SZ,300502,20260325,93006000,4900500,0,0,6568,0,,,2502538,1226275442,4920000,4860500,4902100,4680000,4901600,4901700,4901800,4901900,4902000,4902100,4902200,4902400,4902500,4902600,3600,2000,27500,2600,50100,361387,600,200,1300,2100,4900500,4900000,4899800,4895200,4893900,4889000,4888600,4884000,4881200,4862100,11902,56300,116000,200,800,900,100,200,300,300,5057800,4668500,2304311,880102,0,0,0,0,0
300502.SZ,300502,20260325,93009000,4901600,0,0,6971,0,,,2624640,1286116274,4920000,4860500,4902100,4680000,4901800,4901900,4902000,4902100,4902200,4902400,4902500,4902600,4902700,4902800,398,2500,39900,348887,600,200,1400,2700,8800,3200,4901600,4900600,4900500,4900100,4900000,4899800,4899500,4895200,4893900,4889000,28900,100,68600,400,47400,16500,3000,200,800,200,5061900,4664600,2266109,873400,0,0,0,0,0
300502.SZ,300502,20260325,93012000,4901900,0,0,7539,0,,,2797879,1371026223,4920000,4860500,4902100,4680000,4902000,4902100,4902200,4902400,4902500,4902600,4902700,4902800,4902900,4903000,300,350087,600,200,1300,2700,8400,3300,500,1200,4901900,4901700,4901600,4900500,4900400,4900100,4900000,4899800,4895200,4893900,1400,100,76761,1100,100,400,25900,2200,200,800,5067600,4643500,2237811,796361,0,0,0,0,0
300502.SZ,300502,20260325,93015000,4882300,0,0,7808,0,,,3008440,1474218037,4920000,4860500,4902100,4680000,4900000,4900500,4901200,4901400,4901500,4901600,4901700,4901800,4901900,4902000,167739,10500,200,100,100,9800,100,300,18900,1000,4882300,4881100,4881000,4880500,4880400,4880300,4880000,4879900,4877800,4877700,400,200,100,500,200,400,900,100,200,200,5057600,4597700,2379650,673200,0,0,0,0,0
300502.SZ,300502,20260325,93018000,4875700,0,0,8002,0,,,3057540,1498226900,4920000,4860500,4902100,4680000,4880000,4880400,4880500,4881100,4882100,4882300,4885600,4890000,4891700,4891800,1700,400,400,100,1900,11300,200,100,100,200,4875700,4875300,4874300,4873800,4873700,4873200,4872900,4872800,4872700,4869800,500,200,200,600,400,200,700,1000,200,600,5051200,4596400,2477650,670600,0,0,0,0,0
300502.SZ,300502,20260325,93021000,4872900,0,0,8369,0,,,3200340,1568064281,4920000,4860500,4902100,4680000,4872900,4873700,4875300,4875700,4879800,4880000,4881000,4882000,4882300,4883200,1500,200,700,2400,100,300,100,200,7000,100,4860500,4860100,4860000,4859800,4859700,4858800,4858000,4855800,4855000,4853700,100,700,8900,1000,100,200,100,400,600,200,5052900,4593500,2446510,664300,0,0,0,0,0
300502.SZ,300502,20260325,93024000,4859800,0,0,8552,0,,,3238940,1586843782,4920000,4859800,4902100,4680000,4860000,4860100,4860500,4861100,4870000,4871000,4872700,4872900,4873200,4873700,11525,300,2300,200,1000,100,300,700,100,200,4859800,4859700,4859500,4858800,4858000,4855800,4855000,4853700,4852700,4851100,800,100,1800,200,100,400,600,200,300,1000,5050400,4590000,2477924,657300,0,0,0,0,0
300502.SZ,300502,20260325,93027000,4858000,0,0,9048,0,,,3342240,1637126004,4920000,4851100,4902100,4680000,4858000,4858800,4859400,4859500,4859700,4859800,4860000,4860100,4860300,4860500,125,100,600,400,100,3100,400,100,100,12400,4851100,4851000,4850700,4850500,4850300,4850000,4849900,4849700,4842100,4841100,300,400,600,100,400,18300,200,2300,100,200,5052300,4588700,2445267,655300,0,0,0,0,0
300502.SZ,300502,20260325,93030000,4850700,0,0,9294,0,,,3394440,1662471052,4920000,4850000,4902100,4680000,4850700,4851000,4851100,4853400,4857900,4858000,4858800,4859000,4859400,4859500,100,200,300,100,100,3900,100,100,200,400,4850000,4849900,4849700,4842100,4841100,4840000,4838000,4836800,4835000,4834300,6800,200,2300,100,200,900,900,1000,100,100,5050400,4583200,2472329,641600,0,0,0,0,0
300502.SZ,300502,20260325,93033000,4849500,0,0,9508,0,,,3454540,1691620612,4920000,4840000,4902100,4680000,4850000,4850700,4850800,4851100,4851500,4852100,4853000,4855000,4855800,4856000,30660,400,100,11900,200,100,100,100,400,22700,4841100,4840000,4838000,4836800,4835000,4834300,4833900,4831200,4830800,4830300,100,700,900,1000,100,100,100,2300,100,500,5045200,4580900,2541841,639100,0,0,0,0,0
300502.SZ,300502,20260325,93036000,4831200,0,0,9694,0,,,3533540,1729902023,4920000,4831200,4902100,4680000,4835000,4840000,4841100,4842300,4848800,4849200,4849500,4849800,4849900,4850000,100,18700,10200,100,1000,100,1700,500,11800,27300,4831200,4830800,4830300,4830100,4830000,4828800,4828100,4825800,4825600,4825300,2000,100,500,100,3500,1000,1000,300,1000,100,5042700,4579200,2574316,634200,0,0,0,0,0
300502.SZ,300502,20260325,93039000,4831200,0,0,10021,0,,,3646340,1784493018,4920000,4830000,4902100,4680000,4831200,4835000,4840000,4841000,4841100,4846900,4847000,4847200,4847700,4847800,100,200,200,100,3400,100,100,300,100,100,4830000,4828800,4828100,4825800,4825600,4825300,4822700,4822100,4822000,4821200,1400,1000,1000,300,1000,100,300,100,600,1000,5046200,4578700,2515616,629400,0,0,0,0,0
300502.SZ,300502,20260325,93042000,4841100,0,0,10371,0,,,3717939,1819136859,4920000,4830000,4902100,4680000,4850000,4850600,4850700,4850900,4851000,4851100,4852000,4852100,4855800,4856000,19400,100,1500,300,200,13960,100,200,400,21700,4841100,4840800,4840000,4839800,4835200,4835000,4831200,4831100,4830100,4830000,7300,3400,400,100,100,6700,1100,100,3300,1401,5047800,4588000,2492016,652901,0,0,0,0,0
300502.SZ,300502,20260325,93045000,4850000,0,0,10794,0,,,3805899,1861778740,4920000,4830000,4902100,4680000,4856000,4857000,4857900,4858000,4859000,4859300,4859400,4859500,4859700,4859800,20600,100,300,3600,100,100,100,200,100,15800,4850000,4848800,4848700,4843800,4842000,4841800,4841500,4841200,4841100,4840100,10800,1000,100,7840,2600,4000,6200,200,2000,2100,5051200,4619100,2453745,745741,0,0,0,0,0
300502.SZ,300502,20260325,93048000,4856000,0,0,11313,0,,,4057499,1983614317,4920000,4810000,4902100,4680000,4858000,4859000,4859300,4859400,4859500,4859700,4859800,4859900,4860000,4860500,100,100,100,100,200,100,15400,100,3152,7200,4856000,4854300,4852900,4852300,4852200,4852100,4852000,4851400,4851000,4850700,1200,300,300,300,300,300,200,1100,400,300,5052700,4574700,2435245,617440,0,0,0,0,0
300502.SZ,300502,20260325,93051000,4859500,0,0,11562,0,,,4104399,2006398387,4920000,4810000,4902100,4680000,4860500,4860600,4862100,4870000,4870800,4872800,4872900,4873100,4873600,4875300,5352,100,17000,600,300,800,600,200,100,100,4859500,4859400,4859200,4859100,4859000,4858900,4858300,4858200,4858100,4858000,600,6600,300,100,800,400,400,600,400,1400,5054800,4596100,2412645,668640,0,0,0,0,0
300502.SZ,300502,20260325,93054000,4850600,0,0,12006,0,,,4190110,2048038168,4920000,4810000,4902100,4680000,4858000,4859000,4859500,4859700,4859800,4859900,4860400,4860500,4862100,4870000,400,3000,1400,1200,1200,100,5800,100,11352,900,4850600,4850100,4850000,4848800,4848700,4847500,4845800,4845000,4843800,4842000,89,500,15100,1100,100,100,100,100,200,100,5053400,4583700,2446842,637729,0,0,0,0,0
300502.SZ,300502,20260325,93057000,4848800,0,0,12264,0,,,4269199,2086426994,4920000,4810000,4902100,4680000,4848800,4849000,4849800,4850000,4850100,4850600,4850700,4855000,4855800,4855900,7211,1100,200,3700,600,300,200,7800,3800,5900,4841200,4841100,4841000,4840900,4840800,4840000,4838800,4835000,4831500,4831200,100,400,100,200,100,500,100,100,100,1200,5050000,4578000,2488853,626340,0,0,0,0,0
300502.SZ,300502,20260325,93100000,4841200,0,0,12599,0,,,4340399,2120953579,4920000,4810000,4902100,4680000,4841200,4843400,4848700,4848800,4848900,4849400,4849600,4849800,4850000,4850100,1000,800,500,500,6300,100,1400,500,12000,8600,4840200,4831200,4830000,4828200,4826000,4820000,4819900,4811100,4810000,4809000,100,1000,1000,200,100,3500,200,100,9540,300,5047900,4576100,2525053,623340,0,0,0,0,0
300502.SZ,300502,20260325,93103000,4843800,0,0,13003,0,,,4456096,2177003196,4920000,4810000,4902100,4680000,4844400,4845500,4845900,4846200,4848800,4850000,4850100,4850300,4850400,4850600,4100,4200,2400,5000,200,8400,5900,100,100,4800,4843800,4843300,4841200,4840000,4839200,4831300,4831200,4831100,4830100,4830000,23803,100,700,100,1000,100,100,200,300,600,5048400,4585700,2548142,645143,0,0,0,0,0
300502.SZ,300502,20260325,93106000,4859700,0,0,13612,0,,,4709496,2300278086,4920000,4810000,4902100,4680000,4859800,4859900,4863600,4863700,4870000,4882600,4885400,4885900,4887700,4890000,300,100,400,100,100,100,200,200,500,1400,4856000,4851600,4850600,4850200,4850000,4849800,4848900,4848800,4846200,4845500,1300,4500,200,100,500,100,500,1000,200,3400,5059800,4604700,2399342,688243,0,0,0,0,0
300502.SZ,300502,20260325,93109000,4860800,0,0,13794,0,,,4738396,2314316143,4920000,4810000,4902100,4680000,4862300,4863400,4863600,4879900,4880000,4888800,4890000,4898800,4899900,4900000,100,300,2500,1700,900,400,1600,100,16600,76745,4860800,4860000,4859800,4851700,4851600,4850600,4850500,4850200,4850100,4850000,300,300,800,800,2500,200,1700,100,600,2100,5059700,4618700,2403642,729343,0,0,0,0,0
300502.SZ,300502,20260325,93112000,4863800,0,0,14037,0,,,4802996,2345763197,4920000,4810000,4902100,4680000,4868500,4872800,4872900,4873000,4876200,4879100,4879700,4879800,4879900,4880000,700,100,200,100,100,800,595,200,200,1400,4864000,4863800,4863700,4863600,4863400,4862600,4862500,4862300,4860600,4860500,200,200,800,200,500,100,200,1300,900,1000,5060100,4612400,2397737,707943,0,0,0,0,0
300502.SZ,300502,20260325,93115000,4855200,0,0,14378,0,,,4853296,2370224749,4920000,4810000,4902100,4680000,4855200,4855400,4855700,4856000,4856100,4858000,4858100,4858800,4859000,4859100,1800,900,5200,100,100,600,100,200,400,10900,4850700,4850600,4850000,4848900,4848800,4846200,4845900,4845500,4845000,4844800,100,100,400,200,900,300,100,200,900,200,5056700,4598700,2450095,670743,0,0,0,0,0
300502.SZ,300502,20260325,93118000,4855200,0,0,14586,0,,,4904400,2395048689,4920000,4810000,4902100,4680000,4857800,4860000,4860400,4860800,4861300,4862300,4863400,4863600,4863800,4864000,500,700,570,3800,1600,400,200,100,400,2300,4855200,4851600,4851500,4851400,4851300,4851200,4851100,4850900,4850800,4850700,3596,100,1300,100,100,1400,100,100,200,100,5058800,4602900,2427912,682739,0,0,0,0,0
300502.SZ,300502,20260325,93121000,4862200,0,0,14906,0,,,4979775,2431655433,4920000,4810000,4902100,4680000,4860000,4862200,4863800,4864000,4865000,4867500,4867900,4868000,4868100,4868200,100,4200,100,700,100,100,100,500,5100,200,4857800,4855600,4855200,4854200,4850500,4850400,4850300,4850200,4850100,4850000,10400,100,1700,500,400,100,400,1600,500,4121,5059500,4601700,2420742,683864,0,0,0,0,0
300502.SZ,300502,20260325,93124000,4855200,0,0,15123,0,,,5040975,2461395486,4920000,4810000,4902100,4680000,4855200,4856000,4857800,4858700,4858800,4859500,4859800,4860000,4860800,4862300,4100,100,3800,100,100,100,800,1400,200,300,4850800,4850700,4850500,4850200,4850100,4850000,4848900,4848800,4848500,4848100,100,100,400,300,400,7221,300,1600,100,100,5058700,4598300,2436310,675264,0,0,0,0,0
300502.SZ,300502,20260325,93127000,4855200,0,0,15449,0,,,5135675,2507394875,4920000,4810000,4902100,4680000,4857800,4859900,4860000,4860600,4860800,4860900,4861000,4861300,4861400,4861600,200,400,700,400,500,3000,36554,200,1800,100,4855200,4850900,4850000,4849800,4844700,4844600,4844500,4844400,4844300,4843900,4600,100,100,100,200,600,500,5100,100,400,5055700,4596700,2478164,671043,0,0,0,0,0
300502.SZ,300502,20260325,93130000,4850800,0,0,15653,0,,,5188375,2532967268,4920000,4810000,4902100,4680000,4855100,4855200,4857100,4857200,4857500,4857700,4857800,4858000,4859500,4859900,1800,700,100,12000,100,4400,3900,100,100,600,4851700,4845600,4845500,4845400,4845300,4845200,4845100,4845000,4844900,4844500,100,200,100,1100,300,1800,500,100,200,600,5056100,4595800,2472810,669740,0,0,0,0,0
300502.SZ,300502,20260325,93133000,4864600,0,0,15956,0,,,5268175,2571758978,4920000,4810000,4902100,4680000,4872800,4873000,4875000,4875800,4876200,4877500,4878700,4878800,4878900,4879000,200,300,100,200,300,200,700,500,500,200,4864600,4864500,4861700,4861300,4860800,4860500,4858900,4858600,4858000,4857800,49700,1200,100,200,1000,100,100,100,100,600,5061200,4630600,2414950,773540,0,0,0,0,0
300502.SZ,300502,20260325,93136000,4864800,0,0,16128,0,,,5297775,2586169046,4920000,4810000,4902100,4680000,4873800,4876100,4876200,4877100,4877300,4877400,4877500,4877600,4877700,4877800,1100,100,900,100,600,700,500,500,700,600,4864800,4864700,4864600,4864500,4864000,4863600,4860800,4860500,4860000,4858900,200,500,46400,1900,200,1200,1000,100,100,100,5061600,4632700,2429250,781340,0,0,0,0,0
300502.SZ,300502,20260325,93139000,4873800,0,0,16289,0,,,5337775,2605655560,4920000,4810000,4902100,4680000,4873400,4873700,4873800,4875700,4875800,4876100,4878900,4879000,4879900,4880000,100,200,700,200,1700,100,100,1700,200,2400,4864700,4864600,4864500,4864000,4863800,4863700,4863600,4860800,4860500,4860000,200,39500,1900,200,500,500,1200,1000,100,1100,5062300,4633400,2425150,783340,0,0,0,0,0
300502.SZ,300502,20260325,93142000,4873800,0,0,16445,0,,,5372175,2622416250,4920000,4810000,4902100,4680000,4878800,4878900,4879000,4879900,4880000,4880100,4882500,4882900,4884000,4884800,100,1100,1000,200,2400,100,100,200,200,100,4873800,4873700,4873400,4872800,4866600,4865000,4864900,4864800,4864700,4864600,1500,200,1900,2100,300,200,300,1100,1700,39200,5062900,4635400,2421350,791740,0,0,0,0,0
300502.SZ,300502,20260325,93145000,4860500,0,0,16624,0,,,5439275,2655078136,4920000,4810000,4902100,4680000,4860500,4863800,4864300,4864500,4864600,4864700,4871100,4871300,4873200,4873300,100,900,11900,13400,3300,1000,1800,1200,1300,800,4860000,4858900,4858600,4858500,4858000,4857800,4857700,4857500,4856000,4855200,1100,100,100,100,500,2400,4200,16800,20100,8000,5059000,4620600,2479590,743640,0,0,0,0,0
300502.SZ,300502,20260325,93148000,4857000,0,0,16935,0,,,5538175,2703103797,4920000,4810000,4902100,4680000,4856800,4857000,4857100,4857400,4857500,4857600,4858300,4858500,4858900,4859300,400,106,800,8700,800,900,1200,1000,500,100,4846200,4846100,4846000,4845600,4845300,4845000,4844600,4844400,4844300,4843900,100,300,500,100,100,300,500,4200,100,100,5056800,4597500,2515596,677440,0,0,0,0,0
300502.SZ,300502,20260325,93151000,4860500,0,0,17069,0,,,5578275,2722587247,4920000,4810000,4902100,4680000,4863500,4863700,4864300,4864600,4864700,4864800,4865200,4867300,4868800,4869900,1106,1200,100,200,4800,1000,200,100,200,100,4860500,4860400,4860000,4858400,4858000,4857800,4857500,4857000,4856800,4850100,200,100,3700,100,900,1900,6800,200,2100,1500,5060400,4604700,2472796,696940,0,0,0,0,0
300502.SZ,300502,20260325,93154000,4860500,0,0,17192,0,,,5604481,2735337711,4920000,4810000,4902100,4680000,4863400,4870000,4873200,4873300,4873400,4873500,4873600,4873700,4873800,4874100,100,100,300,500,400,400,300,100,4300,100,4860500,4860400,4860200,4860000,4858800,4858400,4858000,4857800,4857600,4857500,2200,100,100,500,100,100,900,1900,200,14100,5061000,4615300,2467990,729040,0,0,0,0,0
300502.SZ,300502,20260325,93157000,4873800,0,0,17313,0,,,5631881,2748671999,4920000,4810000,4902100,4680000,4873300,4873800,4874100,4874600,4875700,4877100,4877300,4877700,4877800,4878700,100,2400,100,100,100,500,200,200,300,300,4870000,4864700,4863600,4863500,4863400,4860700,4860600,4860500,4860000,4859600,10000,100,400,6900,500,100,100,1900,30900,100,5068400,4633600,2265790,793040,0,0,0,0,0
300502.SZ,300502,20260325,93200000,4870000,0,0,17416,0,,,5660881,2762792859,4920000,4810000,4902100,4680000,4869900,4870000,4871100,4872700,4872800,4873000,4873300,4873700,4873800,4874100,1900,3000,300,400,600,800,500,5400,3000,300,4863500,4863400,4860700,4860600,4860500,4860000,4859800,4859600,4859200,4858800,6000,2700,100,400,2300,31000,100,100,100,100,5067100,4627500,2283390,772640,0,0,0,0,0
300502.SZ,300502,20260325,93203000,4869000,0,0,17594,0,,,5703481,2783530751,4920000,4810000,4902100,4680000,4869000,4869800,4869900,4870000,4871000,4871100,4871500,4871600,4872200,4872700,500,500,200,1400,300,300,200,100,100,100,4864000,4863600,4863500,4863400,4863100,4860600,4860500,4860300,4860000,4859800,2300,100,3300,2700,100,600,2300,100,31400,100,5067100,4626300,2283490,769340,0,0,0,0,0
300502.SZ,300502,20260325,93206000,4870800,0,0,17822,0,,,5746581,2804525615,4920000,4810000,4902100,4680000,4875600,4875700,4876000,4877000,4877100,4877300,4877800,4878000,4878700,4878800,100,300,100,100,500,300,300,100,300,1700,4870800,4870200,4870000,4869900,4869800,4869000,4866500,4864500,4864100,4864000,300,200,2200,9600,400,17600,300,100,200,600,5068500,4636000,2271690,802240,0,0,0,0,0
300502.SZ,300502,20260325,93209000,4874700,0,0,17945,0,,,5769581,2815731976,4920000,4810000,4902100,4680000,4876900,4877900,4878000,4878700,4878800,4878900,4879200,4879900,4880000,4880100,100,900,100,300,1600,200,100,600,9700,100,4870300,4870000,4869900,4869800,4869500,4869000,4867800,4866500,4865000,4864500,100,8600,10700,1900,400,38400,100,300,200,100,5069000,4644100,2270870,831640,0,0,0,0,0
300502.SZ,300502,20260325,93212000,4879900,0,0,18082,0,,,5792481,2826896688,4920000,4810000,4902100,4680000,4879900,4880000,4880100,4881700,4882500,4882900,4883600,4884000,4884500,4884800,1000,7510,100,200,300,200,200,200,100,100,4877900,4876900,4875600,4871500,4871400,4871300,4871200,4871100,4871000,4870400,600,100,300,600,400,400,600,500,600,200,5069200,4643700,2275480,829840,0,0,0,0,0
300502.SZ,300502,20260325,93215000,4875600,0,0,18266,0,,,5843681,2851856192,4920000,4810000,4902100,4680000,4876100,4876600,4876900,4877300,4877900,4878000,4878700,4878800,4878900,4879700,100,1100,700,1000,2700,1200,100,2000,100,1000,4875600,4874600,4870700,4870000,4869900,4869800,4869000,4867800,4866500,4865100,200,400,100,1400,9800,2200,30600,100,300,200,5067900,4631800,2294830,780840,0,0,0,0,0
300502.SZ,300502,20260325,93218000,4877900,0,0,18428,0,,,5889481,2874196220,4920000,4810000,4902100,4680000,4879900,4880000,4880100,4880800,4881700,4882500,4883600,4883800,4884000,4884500,5200,6500,100,100,300,500,200,200,200,100,4876900,4876100,4875600,4875000,4870700,4870600,4870500,4870400,4870300,4870200,100,1300,200,200,500,400,400,700,800,400,5069000,4634300,2283830,789240,0,0,0,0,0
300502.SZ,300502,20260325,93221000,4869900,0,0,18669,0,,,5990681,2923508993,4920000,4810000,4902100,4680000,4870000,4870800,4871900,4875600,4876000,4876900,4877900,4879800,4879900,4880000,29400,400,100,600,200,200,6600,1900,200,300,4869900,4869800,4869700,4869300,4869000,4866500,4865100,4865000,4864500,4864000,4100,2400,400,4500,28700,300,200,2500,100,500,5065400,4624200,2332830,756640,0,0,0,0,0
300502.SZ,300502,20260325,93224000,4870000,0,0,18857,0,,,6048581,2951709998,4920000,4810000,4902100,4680000,4875400,4875600,4877300,4877900,4878000,4879800,4879900,4880000,4880100,4880200,600,700,500,7200,200,800,1700,4100,400,100,4870000,4869900,4869300,4869100,4869000,4868300,4866500,4865100,4865000,4864500,800,200,1600,1100,28700,700,300,200,2500,100,5067300,4621700,2315330,749540,0,0,0,0,0
300502.SZ,300502,20260325,93227000,4864000,0,0,19151,0,,,6145581,2998957255,4920000,4810000,4902100,4680000,4869100,4869900,4870000,4870300,4870500,4870800,4875400,4875600,4875700,4875800,200,200,4600,11100,100,100,100,400,500,300,4864000,4863900,4863600,4863500,4863400,4860900,4860600,4860500,4860300,4860100,900,100,100,3300,2900,100,200,1500,100,100,5066100,4610700,2335510,704740,0,0,0,0,0
300502.SZ,300502,20260325,93230000,4863400,0,0,19350,0,,,6192681,3021877415,4920000,4810000,4902100,4680000,4865000,4868900,4869900,4870000,4870200,4870300,4870500,4870800,4872000,4875400,300,200,2100,2600,100,5700,100,100,100,1900,4863400,4860600,4860500,4860300,4860100,4860000,4859800,4859200,4858800,4858400,1100,100,1500,100,100,4900,200,100,200,100,5065800,4620500,2343500,738240,0,0,0,0,0
300502.SZ,300502,20260325,93233000,4868900,0,0,19539,0,,,6252281,3050917474,4920000,4810000,4902100,4680000,4870000,4870500,4873900,4874000,4875400,4875600,4876900,4877000,4877900,4878000,100,100,8800,200,300,600,3200,100,1300,200,4865000,4864100,4864000,4863500,4860600,4860500,4860300,4860100,4860000,4859800,200,100,500,900,100,1500,100,100,4900,200,5066200,4621200,2339400,741840,0,0,0,0,0
300502.SZ,300502,20260325,93236000,4863400,0,0,19747,0,,,6318081,3082937829,4920000,4810000,4902100,4680000,4863400,4864000,4864600,4865000,4868700,4868900,4869900,4870000,4870300,4871000,3400,2300,100,900,100,200,1900,4600,800,900,4860100,4860000,4857800,4857600,4857000,4856800,4856700,4856400,4855500,4855100,1800,500,1600,200,500,2900,100,100,500,300,5065200,4618500,2356700,733540,0,0,0,0,0
300502.SZ,300502,20260325,93239000,4855500,0,0,19939,0,,,6378281,3112207539,4920000,4810000,4902100,4680000,4855500,4856400,4856800,4857600,4860000,4860100,4863300,4863400,4864000,4864800,400,700,2100,2100,200,500,1600,400,300,300,4852800,4851800,4851200,4850300,4850200,4850000,4849900,4846000,4845100,4845000,100,100,300,100,300,8700,100,500,200,5600,5056900,4615800,2459100,725740,0,0,0,0,0
300502.SZ,300502,20260325,93242000,4860100,0,0,20116,0,,,6412481,3128811459,4920000,4810000,4902100,4680000,4862800,4862900,4863000,4863100,4863200,4863300,4863400,4864000,4864800,4864900,200,200,100,2200,700,1250,6200,600,200,1200,4850100,4850000,4849900,4849800,4846000,4845100,4845000,4844400,4844300,4843900,200,3900,100,200,500,200,5600,3800,100,100,5057000,4613800,2459457,719440,0,0,0,0,0
300502.SZ,300502,20260325,93245000,4848900,0,0,20196,0,,,6427081,3135894915,4920000,4810000,4902100,4680000,4849800,4850000,4850100,4850200,4850300,4850400,4851200,4851800,4852600,4852800,6500,3600,700,100,100,300,100,100,500,16700,4845800,4845500,4845000,4844900,4844400,4844300,4844100,4843900,4843800,4843700,100,100,5600,100,3800,100,200,100,300,100,5058200,4612000,2402257,714240,0,0,0,0,0
300502.SZ,300502,20260325,93248000,4850100,0,0,20306,0,,,6451381,3147678250,4920000,4810000,4902100,4680000,4850100,4850200,4850300,4850400,4851200,4851800,4852300,4852400,4852500,4852600,3200,100,100,300,100,100,100,100,200,500,4845100,4845000,4844900,4844400,4844300,4844100,4843900,4843800,4843700,4843500,100,3700,100,3500,100,200,100,300,100,100,5059000,4611300,2397520,712340,0,0,0,0,0
300502.SZ,300502,20260325,93251000,4845300,0,0,20498,0,,,6500281,3171380437,4920000,4810000,4902100,4680000,4845800,4850100,4851800,4852200,4852300,4852400,4852600,4852800,4855400,4855500,100,200,200,100,100,100,700,11700,100,6700,4844800,4844100,4843900,4843800,4843700,4843500,4843400,4843000,4842000,4841200,100,300,100,300,100,100,100,100,300,13200,5059900,4608600,2392720,703740,0,0,0,0,0
300502.SZ,300502,20260325,93254000,4845000,0,0,20757,0,,,6534934,3188173952,4920000,4810000,4902100,4680000,4845100,4845700,4845800,4849900,4850000,4850100,4852700,4852800,4854000,4855500,1900,2800,607,100,1200,1700,600,10200,600,6700,4845000,4841200,4840800,4840200,4840100,4840000,4839800,4838800,4838000,4837600,147,10700,300,100,200,5500,300,100,100,100,5059300,4607600,2401727,700887,0,0,0,0,0
300502.SZ,300502,20260325,93257000,4840200,0,0,20840,0,,,6562481,3201509461,4920000,4810000,4902100,4680000,4840200,4842000,4843300,4843700,4843800,4843900,4844100,4844200,4844500,4844800,6000,600,2000,2353,100,300,100,100,100,5700,4840000,4839800,4838800,4838000,4837600,4835600,4835500,4834700,4833300,4831800,3000,900,100,100,100,100,100,300,100,100,5056500,4602700,2433573,687540,0,0,0,0,0
300502.SZ,300502,20260325,93300000,4832400,0,0,20993,0,,,6598981,3219155754,4920000,4810000,4902100,4680000,4832400,4832500,4832600,4832700,4832800,4832900,4833000,4833100,4833200,4833300,1000,500,1100,700,500,300,1400,1700,400,1000,4830000,4829800,4828900,4828200,4828000,4826800,4826100,4826000,4825000,4823000,32800,100,100,200,100,100,100,1100,100,100,5050200,4597500,2506780,672840,0,0,0,0,0
300502.SZ,300502,20260325,93303000,4828200,0,0,21184,0,,,6684281,3260382386,4920000,4810000,4902100,4680000,4828200,4828900,4829000,4829100,4829200,4829300,4829700,4829800,4830000,4832300,2500,1000,500,600,1100,1600,100,200,29500,100,4820500,4820100,4820000,4819900,4817800,4815100,4815000,4813500,4813400,4813000,200,200,3500,200,100,100,300,800,100,100,5048200,4585100,2533280,638340,0,0,0,0,0
300502.SZ,300502,20260325,93306000,4831000,0,0,21507,0,,,6765081,3299395445,4920000,4810000,4902100,4680000,4832400,4836600,4837000,4837100,4837200,4837600,4837900,4838000,4838800,4839700,100,500,100,300,5000,100,500,200,500,1400,4831000,4830200,4821500,4821400,4821300,4821200,4821100,4821000,4820900,4820800,100,300,200,1300,1100,700,400,800,1200,1200,5052500,4588000,2482780,645540,0,0,0,0,0
300502.SZ,300502,20260325,93309000,4832300,0,0,21807,0,,,6806481,3319409751,4920000,4810000,4902100,4680000,4839700,4839900,4840000,4840100,4840200,4841100,4841200,4843300,4843700,4843800,3800,800,27507,500,7800,600,400,2000,2353,100,4832300,4832000,4831200,4831100,4831000,4830000,4829200,4828200,4823800,4822200,100,2400,100,200,200,18800,100,1200,4500,4000,5053300,4600400,2481980,681240,0,0,0,0,0
300502.SZ,300502,20260325,93312000,4830000,0,0,22283,0,,,6921181,3374867552,4920000,4810000,4902100,4680000,4830000,4831000,4839300,4839400,4839600,4839700,4839900,4840000,4840200,4841100,28700,200,100,100,100,2000,300,200,1407,600,4828200,4825500,4825100,4823400,4822200,4822000,4821700,4821500,4821400,4821300,2000,100,100,200,4000,1000,600,1700,700,500,5054500,4591900,2471380,657040,0,0,0,0,0
300502.SZ,300502,20260325,93315000,4832400,0,0,22463,0,,,6984181,3405304980,4920000,4810000,4902100,4680000,4838100,4838200,4839000,4839300,4839700,4839900,4840000,4840200,4841100,4841200,100,200,400,1000,5540,300,3400,1407,600,400,4832400,4832300,4832200,4831000,4830800,4830600,4830100,4830000,4829900,4828300,200,500,100,1500,100,200,200,10500,100,200,5057100,4596500,2434420,670540,0,0,0,0,0
300502.SZ,300502,20260325,93318000,4837300,0,0,22673,0,,,7043681,3434073389,4920000,4810000,4902100,4680000,4837300,4837600,4838000,4839700,4839900,4840000,4840200,4841100,4841200,4841800,200,800,600,400,2600,3540,1407,600,400,100,4832500,4830000,4828200,4827300,4825500,4825100,4825000,4823400,4822500,4822200,200,400,800,400,200,100,300,200,200,100,5061100,4585400,2335020,663240,0,0,0,0,0
300502.SZ,300502,20260325,93321000,4832400,0,0,22779,0,,,7066181,3444949585,4920000,4810000,4902100,4680000,4832300,4832400,4837100,4837300,4838100,4840000,4840200,4841100,4841200,4841800,500,1100,100,1400,1000,2240,1407,600,400,100,4830000,4828200,4827300,4825500,4825400,4825100,4825000,4824100,4823400,4822500,8600,800,500,200,100,100,300,100,200,200,5061500,4589100,2331520,673840,0,0,0,0,0
300502.SZ,300502,20260325,93324000,4830000,0,0,22926,0,,,7107781,3465044897,4920000,4810000,4902100,4680000,4830000,4832300,4832400,4832500,4832600,4837200,4837300,4837600,4838000,4838100,37593,400,900,15300,100,100,100,1000,100,300,4825000,4824100,4823400,4822200,4821700,4821500,4821400,4821300,4821200,4821100,200,100,200,700,1600,1800,700,500,300,300,5056200,4584700,2398713,662140,0,0,0,0,0
300502.SZ,300502,20260325,93327000,4832300,0,0,23090,0,,,7168574,3494406712,4920000,4810000,4902100,4680000,4832300,4832400,4832500,4832600,4834800,4837300,4837600,4838000,4838100,4840000,400,2200,16300,100,100,500,1000,100,300,2440,4830500,4830300,4830000,4822300,4822200,4821700,4821500,4821400,4821300,4821200,700,4107,200,400,300,1400,1500,100,100,100,5060000,4586200,2367620,666647,0,0,0,0,0
300502.SZ,300502,20260325,93330000,4830000,0,0,23371,0,,,7245074,3531359623,4920000,4810000,4902100,4680000,4830000,4830500,4830800,4832300,4832500,4833000,4836900,4837100,4837200,4837300,200,4800,1800,1400,100,200,200,200,200,100,4823500,4823300,4822200,4821800,4821700,4821500,4821400,4821300,4821200,4821100,200,1400,500,800,1900,1500,100,100,100,100,5061100,4585000,2358630,675640,0,0,0,0,0
300502.SZ,300502,20260325,93333000,4832300,0,0,23538,0,,,7278174,3547345848,4920000,4810000,4902100,4680000,4832300,4832400,4832500,4833000,4835000,4836900,4837100,4837200,4837300,4837500,1700,900,1600,200,100,200,200,200,200,200,4830000,4829800,4828500,4825800,4825000,4823600,4823500,4823300,4823000,4822600,400,100,100,100,200,200,200,200,200,100,5061400,4585600,2358190,676640,0,0,0,0,0
300502.SZ,300502,20260325,93336000,4830100,0,0,23658,0,,,7302474,3559088241,4920000,4810000,4902100,4680000,4830500,4832300,4832400,4837300,4837600,4838000,4838100,4839600,4840000,4840200,500,100,100,100,700,100,300,100,2800,1407,4830100,4830000,4829600,4829100,4826800,4826000,4825800,4825000,4823800,4823500,100,1900,200,100,1100,100,100,300,100,300,5062700,4578800,2353390,687840,0,0,0,0,0
300502.SZ,300502,20260325,93339000,4826000,0,0,23827,0,,,7360574,3587150769,4920000,4810000,4902100,4680000,4829100,4829700,4830000,4830100,4830200,4830500,4830600,4831700,4832000,4832200,5200,200,18900,4700,100,500,300,300,100,600,4825000,4824000,4823800,4823500,4822600,4822300,4822200,4821800,4821700,4821500,1800,100,100,300,100,100,500,900,1900,1600,5059300,4578300,2389590,687440,0,0,0,0,0
300502.SZ,300502,20260325,93342000,4823500,0,0,23918,0,,,7383574,3598252644,4920000,4810000,4902100,4680000,4823500,4824900,4825000,4826400,4826800,4829100,4829200,4829800,4829900,4830000,1400,400,1900,300,100,1640,400,200,700,18000,4821800,4821700,4821500,4821400,4821300,4821200,4821100,4821000,4820900,4820600,700,900,1600,100,100,100,100,100,100,5900,5057500,4577500,2417030,685540,0,0,0,0,0
300502.SZ,300502,20260325,93345000,4814800,0,0,24077,0,,,7416774,3614255522,4920000,4810000,4902100,4680000,4817400,4819900,4820000,4820500,4820600,4821300,4821400,4821500,4821700,4821800,700,300,69000,1000,100,100,1400,2500,300,700,4814800,4814600,4813400,4813000,4812400,4812200,4812000,4811800,4811500,4811100,700,100,100,100,100,400,200,1000,100,200,5048500,4572200,2522530,670740,0,0,0,0,0
300502.SZ,300502,20260325,93348000,4812400,0,0,24163,0,,,7434174,3622634571,4920000,4810000,4902100,4680000,4812400,4813400,4814500,4814800,4816000,4820000,4820500,4820600,4821300,4821400,500,1100,100,1200,200,68600,1000,100,900,2000,4811000,4810900,4810800,4810300,4810100,4810000,4809000,4808800,4808000,4806300,100,400,100,200,2200,13840,300,600,100,3200,5046900,4569100,2540783,678040,0,0,0,0,0
300502.SZ,300502,20260325,93351000,4810100,0,0,24252,0,,,7452174,3631296162,4920000,4810000,4902100,4680000,4810100,4810300,4810900,4811000,4812400,4814800,4816000,4817000,4817400,4819900,7900,100,600,3200,300,11800,200,100,200,100,4810000,4809900,4809800,4809000,4808800,4808000,4806300,4806000,4805800,4805500,12540,200,100,300,600,100,3200,100,300,300,5044600,4567400,2571443,672940,0,0,0,0,0
300502.SZ,300502,20260325,93354000,4809800,0,0,24422,0,,,7485714,3647429466,4920000,4809000,4902100,4680000,4809800,4809900,4810000,4810100,4810200,4810300,4810800,4810900,4811000,4811100,200,300,23560,700,400,500,1800,600,15100,100,4809000,4808800,4808000,4806300,4806000,4805800,4805500,4805000,4804300,4803800,600,600,100,3200,100,300,300,100,100,100,5042600,4561800,2605503,658100,0,0,0,0,0
300502.SZ,300502,20260325,93357000,4800200,0,0,24538,0,,,7506414,3657378081,4920000,4800200,4902100,4680000,4806000,4807400,4807700,4808000,4808800,4809000,4809200,4809500,4809700,4809800,400,100,200,1100,1800,6100,600,200,1200,500,4800200,4800100,4800000,4799500,4799100,4799000,4798900,4798800,4795500,4795100,100,3000,57300,100,100,100,200,100,200,200,5036600,4557400,2674050,646900,0,0,0,0,0
300502.SZ,300502,20260325,93400000,4800000,0,0,24759,0,,,7558714,3682484872,4920000,4800000,4902100,4680000,4800200,4801900,4802100,4803000,4803800,4806000,4807000,4808000,4808300,4808800,2800,100,100,100,2300,700,100,100,100,2000,4800000,4799900,4799800,4799500,4799100,4799000,4798900,4798800,4795500,4795100,12500,100,300,100,100,100,200,100,200,200,5036300,4537800,2673029,598400,0,0,0,0,0
300502.SZ,300502,20260325,93403000,4791100,0,0,24940,0,,,7588314,3696692485,4920000,4791100,4902100,4680000,4799100,4799500,4799700,4799900,4800000,4800100,4800200,4801200,4803800,4805000,10100,1400,100,5000,9900,300,9100,100,1600,2000,4790600,4790000,4789000,4788800,4788000,4787800,4787300,4786200,4785800,4785200,100,1400,100,600,200,100,100,100,400,100,5035700,4531100,2685629,585100,0,0,0,0,0
300502.SZ,300502,20260325,93406000,4797100,0,0,25173,0,,,7647514,3725066899,4920000,4780000,4902100,4680000,4799500,4799600,4799800,4799900,4800000,4800100,4800200,4803800,4805000,4806000,200,200,700,1500,34500,4000,15400,1600,2000,1700,4797100,4795400,4795200,4790600,4790300,4790000,4789100,4782200,4782100,4782000,200,100,100,100,100,700,500,100,400,100,5034700,4529300,2697029,580500,0,0,0,0,0
300502.SZ,300502,20260325,93409000,4797100,0,0,25352,0,,,7682414,3741805046,4920000,4780000,4902100,4680000,4797100,4797900,4799400,4799500,4799900,4800000,4800100,4800200,4800500,4803800,500,100,200,200,200,88800,300,9300,100,1600,4790600,4790400,4790300,4790000,4789100,4782400,4782300,4782200,4782100,4782000,800,200,100,300,100,300,600,100,400,200,5030500,4534100,2748429,595000,0,0,0,0,0
300502.SZ,300502,20260325,93412000,4790600,0,0,25531,0,,,7723114,3761298025,4920000,4780000,4902100,4680000,4790600,4792700,4795400,4797100,4798100,4799100,4799300,4799400,4799500,4799800,20200,100,300,14900,100,840,100,200,700,100,4790000,4789800,4789000,4782000,4781500,4781200,4780300,4780100,4780000,4777900,26600,200,100,1200,100,100,400,100,500,100,5033900,4543500,2704009,618700,0,0,0,0,0
300502.SZ,300502,20260325,93415000,4790600,0,0,25705,0,,,7757914,3777971069,4920000,4780000,4902100,4680000,4790600,4791600,4797100,4799100,4799300,4799500,4799800,4799900,4800000,4800200,2200,100,15307,840,100,500,100,100,82000,8100,4790300,4790200,4790100,4790000,4789800,4789100,4789000,4788800,4782300,4782000,400,600,400,30200,200,100,400,100,800,1200,5035700,4549800,2696916,635300,0,0,0,0,0
300502.SZ,300502,20260325,93418000,4790100,0,0,25983,0,,,7858714,3826254227,4920000,4780000,4902100,4680000,4790200,4790300,4790600,4795400,4795500,4795600,4795700,4795800,4796000,4797000,200,1000,200,200,300,200,400,200,100,300,4780700,4780600,4780500,4780400,4780300,4780200,4780100,4780000,4778800,4777900,200,100,600,800,400,600,100,1100,200,100,5037000,4533400,2681276,594700,0,0,0,0,0
300502.SZ,300502,20260325,93421000,4789100,0,0,26111,0,,,7879314,3836114711,4920000,4780000,4902100,4680000,4789100,4789200,4789400,4789500,4789600,4790000,4790100,4790300,4790500,4790600,500,500,100,1000,100,7900,200,10200,500,2400,4779700,4778800,4777900,4777700,4776800,4776600,4776000,4775500,4775300,4775200,100,200,100,200,100,100,100,100,100,100,5035300,4531300,2696763,591700,0,0,0,0,0
300502.SZ,300502,20260325,93424000,4791000,0,0,26318,0,,,7931214,3860963061,4920000,4780000,4902100,4680000,4794600,4795100,4795400,4796000,4796400,4797100,4799500,4799800,4799900,4800000,100,300,600,200,200,4407,500,100,100,79500,4791000,4780900,4780800,4780700,4780600,4780500,4780100,4780000,4779700,4778800,1900,200,100,200,1900,100,100,1800,200,300,5037500,4537300,2672963,608100,0,0,0,0,0
300502.SZ,300502,20260325,93427000,4790000,0,0,26498,0,,,7970149,3879613348,4920000,4780000,4902100,4680000,4791000,4800000,4800200,4803800,4805000,4805300,4806000,4808800,4808900,4809000,300,79107,6100,1400,1500,100,1100,200,200,4426,4790000,4789100,4788600,4784000,4783900,4783800,4783500,4783400,4783300,4783200,905,3500,200,200,2300,4000,100,100,400,600,5039600,4546600,2635063,632405,0,0,0,0,0
300502.SZ,300502,20260325,93430000,4800000,0,0,26751,0,,,8096149,3940093587,4920000,4780000,4902100,4680000,4808700,4808800,4808900,4809000,4809200,4809500,4809800,4810000,4810100,4810600,100,200,200,4426,500,100,1100,69300,100,200,4802300,4802100,4800600,4799500,4796500,4796400,4795100,4794600,4794000,4791200,200,100,100,3100,500,1100,300,1100,100,200,5048600,4555700,2539756,656805,0,0,0,0,0
300502.SZ,300502,20260325,93433000,4810000,0,0,26928,0,,,8154849,3968303988,4920000,4780000,4902100,4680000,4810000,4810100,4810600,4810900,4811000,4812400,4813000,4814800,4819900,4820000,43126,100,200,100,4300,100,200,1900,100,500,4802300,4798800,4798300,4797500,4796500,4796400,4795100,4795000,4794600,4794200,100,200,200,200,22300,1100,300,100,2600,100,5051700,4567900,2507456,690105,0,0,0,0,0
300502.SZ,300502,20260325,93436000,4811000,0,0,27088,0,,,8224275,4001685579,4920000,4780000,4902100,4680000,4814800,4819900,4820000,4820500,4820700,4821400,4821500,4821700,4821800,4823300,1300,100,500,1000,100,2000,2000,200,1500,100,4811000,4810000,4808900,4808700,4802300,4800800,4800700,4800600,4800500,4800400,1200,1300,200,5400,100,200,400,500,500,600,5056600,4576300,2456930,716179,0,0,0,0,0
300502.SZ,300502,20260325,93439000,4820900,0,0,27270,0,,,8267875,4022665724,4920000,4780000,4902100,4680000,4815800,4820000,4820900,4821000,4821100,4821200,4821400,4821700,4821800,4823300,100,100,100,100,1100,100,100,200,1500,100,4814800,4814500,4810600,4810000,4809600,4808700,4802400,4802300,4800700,4800600,2500,100,200,2400,100,200,200,2000,400,500,5057400,4567800,2449730,690505,0,0,0,0,0
300502.SZ,300502,20260325,93442000,4815800,0,0,27397,0,,,8298375,4037349660,4920000,4780000,4902100,4680000,4820000,4820800,4821700,4821800,4823300,4823500,4823800,4823900,4824000,4825000,500,2000,200,1400,100,4500,1200,400,1000,1500,4815800,4815200,4814900,4814800,4814500,4814400,4811000,4810900,4810000,4809600,1000,100,1000,1800,200,200,800,200,5200,300,5057400,4568900,2450330,693900,0,0,0,0,0
300502.SZ,300502,20260325,93445000,4810000,0,0,27585,0,,,8364775,4069314734,4920000,4780000,4902100,4680000,4809900,4810000,4811000,4820000,4821800,4823300,4823500,4823800,4824000,4825000,2000,51700,100,50100,100,300,4500,1200,1000,1500,4802300,4800700,4800600,4800500,4800400,4800300,4800200,4800100,4800000,4798800,1800,400,500,500,600,400,200,100,3100,100,5051700,4558700,2491830,664400,0,0,0,0,0
300502.SZ,300502,20260325,93448000,4810000,0,0,27780,0,,,8445775,4108256640,4920000,4780000,4902100,4680000,4810000,4811000,4814500,4814800,4815800,4817200,4818000,4820000,4820900,4821800,12680,200,20000,400,5000,10000,100,51300,200,200,4799900,4799800,4798800,4798600,4798000,4797600,4797100,4796600,4796500,4795100,200,200,100,100,400,400,400,1100,300,100,5052000,4553900,2491510,652300,0,0,0,0,0
300502.SZ,300502,20260325,93451000,4809900,0,0,27927,0,,,8473275,4121481258,4920000,4780000,4902100,4680000,4809900,4810000,4811000,4814500,4814800,4815800,4817200,4818000,4820000,4820700,100,2200,80,20000,600,5300,10000,100,56800,2300,4800100,4800000,4799900,4799800,4799400,4798800,4798600,4798000,4797600,4797100,100,1600,300,200,100,300,100,800,400,400,5051900,4557000,2490810,658500,0,0,0,0,0
300502.SZ,300502,20260325,93454000,4814300,0,0,28097,0,,,8521675,4144761219,4920000,4780000,4902100,4680000,4814300,4814400,4814500,4814800,4815000,4815800,4817200,4819900,4820000,4820700,600,400,12380,800,100,5800,10000,100,57500,2300,4810000,4809900,4800200,4800100,4800000,4799900,4799800,4799400,4799100,4798800,100,200,500,500,800,2100,300,100,400,400,5052400,4558700,2487010,664100,0,0,0,0,0
300502.SZ,300502,20260325,93457000,4814500,0,0,28176,0,,,8542075,4154575162,4920000,4780000,4902100,4680000,4814500,4814800,4815000,4815800,4819900,4820000,4820700,4820900,4821800,4823300,8080,600,100,5600,100,57600,2300,300,100,300,4810200,4810000,4809900,4809800,4809500,4809000,4808700,4806800,4800900,4800800,100,19800,3900,100,200,500,100,100,100,100,5065200,4581400,2323265,733000,0,0,0,0,0
300502.SZ,300502,20260325,93500000,4814500,0,0,28268,0,,,8569475,4167763839,4920000,4780000,4902100,4680000,4814500,4814800,4815000,4815800,4819900,4820000,4820700,4820900,4821800,4823300,1880,600,100,5600,100,58200,2300,300,100,300,4814300,4810200,4810000,4809900,4809800,4809500,4809200,4809000,4808700,4806800,1700,100,21300,7000,100,200,200,500,100,100,5064900,4584600,2332065,744500,0,0,0,0,0
300502.SZ,300502,20260325,93503000,4815800,0,0,28368,0,,,8587075,4176237088,4920000,4780000,4902100,4680000,4815800,4819900,4820000,4820700,4820900,4821800,4823300,4823500,4823800,4824000,680,100,60300,2300,300,100,300,4500,1200,1000,4815000,4814800,4814700,4814500,4814300,4813300,4810200,4810100,4810000,4809900,100,300,200,500,700,200,300,2100,21100,6600,5065500,4587200,2324865,754500,0,0,0,0,0
300502.SZ,300502,20260325,93506000,4814800,0,0,28433,0,,,8596675,4180861638,4920000,4780000,4902100,4680000,4814800,4815000,4815800,4819900,4820000,4820700,4820900,4823300,4823500,4823800,100,100,1000,300,59180,2400,300,300,4500,1200,4814600,4814500,4814400,4814300,4814000,4813300,4813000,4812200,4811000,4810300,100,13400,2000,3600,1000,1300,100,1200,100,1100,5065300,4595500,2331465,784200,0,0,0,0,0
300502.SZ,300502,20260325,93509000,4815000,0,0,28533,0,,,8618475,4191359980,4920000,4780000,4902100,4680000,4818600,4818700,4818800,4819000,4819900,4820000,4820700,4820900,4823300,4823500,200,100,300,700,700,59180,2400,300,300,4500,4815000,4814900,4814800,4814700,4814600,4814500,4814400,4814300,4814000,4813700,17000,300,700,400,600,11500,2100,4100,1000,100,5064300,4603100,2345265,814500,0,0,0,0,0
300502.SZ,300502,20260325,93512000,4818600,0,0,28606,0,,,8641575,4202491031,4920000,4780000,4902100,4680000,4820000,4820700,4820900,4823300,4823500,4823800,4824000,4825000,4825100,4825700,48680,2400,300,300,4500,1200,1000,1500,100,200,4818600,4816900,4816700,4816000,4815800,4815300,4815200,4815100,4815000,4814800,100,1400,100,300,1100,300,700,100,17100,6300,5065400,4607900,2335865,833600,0,0,0,0,0
300502.SZ,300502,20260325,93515000,4817900,0,0,28688,0,,,8655675,4209285314,4920000,4780000,4902100,4680000,4817900,4818000,4818200,4818700,4818800,4818900,4819900,4820000,4820700,4820900,200,400,100,400,1100,1100,100,47380,2400,300,4816900,4816700,4816400,4816000,4815800,4815300,4815200,4815100,4815000,4814800,700,100,400,400,1700,400,300,300,18300,9300,5065600,4609800,2334765,842800,0,0,0,0,0
300502.SZ,300502,20260325,93518000,4818600,0,0,28810,0,,,8679575,4220802679,4920000,4780000,4902100,4680000,4819600,4819700,4819800,4819900,4820000,4820700,4820900,4821200,4822100,4823300,800,9300,700,900,42080,2400,300,100,200,300,4818600,4817900,4816900,4816000,4815900,4815800,4815300,4815200,4815100,4815000,900,100,100,300,100,2100,400,300,200,19200,5065000,4610600,2342465,850800,0,0,0,0,0
300502.SZ,300502,20260325,93521000,4808600,0,0,29339,0,,,8865775,15379011,4920000,4780000,4902100,4680000,4808400,4808600,4808700,4808800,4809300,4809900,4810000,4810100,4810200,4810300,300,200,1200,600,10900,2000,4100,1600,4300,5500,4800100,4800000,4799900,4799800,4799600,4799400,4798800,4798700,4798600,4798200,100,6100,1100,800,100,200,300,1200,100,100,5058200,4565500,2416265,693800,0,0,0,0,0
300502.SZ,300502,20260325,93524000,4810200,0,0,29461,0,,,8897675,30721486,4920000,4780000,4902100,4680000,4810300,4811000,4813400,4813500,4813900,4814000,4814100,4814300,4814400,4814500,2900,300,500,300,1400,2700,1000,800,2500,600,4808600,4808400,4808200,4802100,4802000,4801300,4801100,4800900,4800800,4800700,800,100,100,100,100,100,300,300,400,300,5060500,4567100,2394565,698400,0,0,0,0,0
300502.SZ,300502,20260325,93527000,4810300,0,0,29570,0,,,8925975,44337265,4920000,4780000,4902100,4680000,4813400,4814300,4814400,4815400,4815500,4815600,4816000,4816500,4816600,4816900,100,100,700,100,700,100,200,600,100,2600,4810300,4808400,4807600,4802700,4802600,4802000,4801800,4801300,4801100,4800900,400,100,200,100,400,1700,200,200,300,300,5062100,4568200,2381765,701700,0,0,0,0,0
300502.SZ,300502,20260325,93530000,4816800,0,0,29676,0,,,8950075,55933627,4920000,4780000,4902100,4680000,4816800,4816900,4817000,4817100,4817200,4817300,4817900,4818200,4818400,4818500,200,300,3300,700,600,11900,100,100,200,200,4810300,4809000,4808600,4808400,4807800,4807600,4802000,4801800,4800800,4800200,3600,100,100,600,200,200,7300,200,100,200,5063000,4571900,2377065,715700,0,0,0,0,0
300502.SZ,300502,20260325,93533000,4810200,0,0,29747,0,,,8965075,63151526,4920000,4780000,4902100,4680000,4811000,4814400,4814700,4814800,4815000,4816700,4816800,4817000,4817300,4817900,200,200,100,100,2000,1000,100,1100,11900,100,4810300,4810000,4808400,4807800,4807600,4803100,4802800,4802000,4801800,4800800,300,200,300,200,200,100,3000,7300,200,100,5063100,4571800,2379665,716800,0,0,0,0,0
300502.SZ,300502,20260325,93536000,4816800,0,0,29833,0,,,8986525,73475814,4920000,4780000,4902100,4680000,4817100,4817200,4817300,4817900,4818200,4818400,4818500,4818600,4818800,4819000,300,3500,11500,100,100,200,100,2700,100,500,4816800,4816700,4814300,4810500,4810400,4810300,4810200,4810000,4808800,4808700,700,700,1700,700,200,10000,800,10600,100,300,5063000,4580900,2384465,745350,0,0,0,0,0
300502.SZ,300502,20260325,93539000,4809900,0,0,29952,0,,,9047325,102731164,4920000,4780000,4902100,4680000,4809900,4810000,4810200,4810300,4813500,4815000,4816000,4816800,4817000,4817100,1200,8700,100,2000,200,200,100,600,100,1300,4806000,4804300,4804200,4802900,4802800,4802000,4801800,4801200,4800800,4800200,100,400,500,500,850,7200,200,100,100,200,5060400,4573700,2406065,725150,0,0,0,0,0
300502.SZ,300502,20260325,93542000,4816700,0,0,30018,0,,,9064425,110956426,4920000,4780000,4902100,4680000,4816800,4816900,4817000,4817100,4817200,4817300,4817900,4818200,4818400,4818500,1900,300,100,1400,300,10700,100,100,500,100,4810000,4809900,4809800,4804500,4804400,4804300,4804200,4803100,4803000,4802800,2500,1100,100,100,400,200,200,1000,500,550,5061300,4575200,2398365,729950,0,0,0,0,0
300502.SZ,300502,20260325,93545000,4810000,0,0,30124,0,,,9090825,123657052,4920000,4780000,4902100,4680000,4810000,4810100,4810300,4813400,4815500,4816600,4816800,4816900,4817000,4817100,43045,100,100,100,200,100,3300,300,200,1700,4804200,4803100,4803000,4802800,4802000,4801800,4801200,4800200,4800100,4800000,200,1000,500,550,7200,200,100,200,1700,9300,5056500,4574700,2447410,729950,0,0,0,0,0
300502.SZ,300502,20260325,93548000,4809200,0,0,30211,0,,,9123625,139428319,4920000,4780000,4902100,4680000,4809200,4809300,4810000,4810100,4810200,4810300,4811600,4811800,4813400,4815500,5800,200,24245,100,200,400,100,100,100,500,4802000,4801800,4801600,4801200,4800200,4800100,4800000,4799900,4799800,4799600,6250,200,100,100,200,1900,10700,900,600,200,5056400,4575500,2452910,733750,0,0,0,0,0
300502.SZ,300502,20260325,93551000,4804800,0,0,30277,0,,,9144525,149477256,4920000,4780000,4902100,4680000,4809200,4809300,4810000,4810100,4810200,4810300,4811600,4811800,4813400,4815500,400,200,24945,100,300,1600,100,100,100,500,4804800,4804200,4802000,4801800,4801600,4801200,4800200,4800100,4800000,4799900,500,300,5350,300,300,100,200,1700,10800,900,5056500,4575500,2450010,735150,0,0,0,0,0
300502.SZ,300502,20260325,93554000,4808900,0,0,30342,0,,,9154925,154477334,4920000,4780000,4902100,4680000,4809000,4810000,4810100,4810200,4810300,4811600,4811800,4813400,4814000,4815500,10000,21845,100,300,1600,100,100,100,100,500,4804200,4803100,4803000,4802800,4802200,4802100,4802000,4801800,4801600,4801200,200,200,800,300,100,100,10750,300,100,200,5055800,4565900,2458910,669150,0,0,0,0,0
300502.SZ,300502,20260325,93557000,4801900,0,0,30539,0,,,9195225,173828357,4920000,4780000,4902100,4680000,4801900,4802000,4804200,4804700,4804800,4808100,4808700,4808800,4808900,4809000,500,100,2500,4000,2200,100,400,600,1000,9400,4800000,4799800,4798700,4798200,4798000,4797600,4797100,4796600,4796500,4795600,100,900,750,100,1000,400,400,200,100,100,5054600,4555800,2473810,616950,0,0,0,0,0
300502.SZ,300502,20260325,93600000,4800000,0,0,30626,0,,,9218425,184970149,4920000,4780000,4902100,4680000,4800000,4802000,4804200,4804800,4806000,4806100,4808100,4808700,4808800,4808900,900,200,200,3258,200,100,100,200,200,200,4799800,4798700,4798200,4798000,4797600,4797100,4796600,4796500,4795600,4795100,900,750,100,1000,400,400,200,100,100,100,5055400,4540200,2466468,568250,0,0,0,0,0
300502.SZ,300502,20260325,93603000,4796700,0,0,30737,0,,,9238675,194686994,4920000,4780000,4902100,4680000,4796700,4797200,4797300,4797400,4797500,4797600,4797900,4799200,4799400,4799700,200,200,100,400,400,200,600,100,600,200,4792000,4791800,4791200,4791000,4790800,4790600,4790500,4790400,4790300,4790200,300,300,200,1100,100,700,200,200,100,500,5055400,4540500,2467398,570900,0,0,0,0,0
300502.SZ,300502,20260325,93606000,4796700,0,0,30799,0,,,9248375,199336633,4920000,4780000,4902100,4680000,4794800,4795900,4796100,4796200,4796300,4796500,4796600,4796700,4797300,4797400,500,500,500,500,200,300,300,600,200,1000,4790400,4790300,4790200,4790100,4790000,4789600,4789500,4789100,4788900,4788800,100,100,500,800,15900,100,5000,2300,100,300,5053700,4539700,2489798,569100,0,0,0,0,0
300502.SZ,300502,20260325,93609000,4785100,0,0,30971,0,,,9286375,217540474,4920000,4780000,4902100,4680000,4789900,4790000,4790100,4790300,4790400,4791200,4792000,4794800,4796100,4796200,200,1700,400,200,1500,1200,22000,200,200,600,4785100,4785000,4784600,4784000,4783900,4783500,4783300,4783000,4782900,4782500,100,500,100,100,100,200,100,500,100,100,5050800,4526400,2518398,541300,0,0,0,0,0
300502.SZ,300502,20260325,93612000,4783900,0,0,31049,0,,,9304275,226112159,4920000,4780000,4902100,4680000,4783900,4784800,4785100,4789800,4790100,4790200,4790300,4790400,4790700,4790900,2800,100,3000,400,300,200,700,1900,100,100,4783300,4783000,4782900,4782500,4782100,4782000,4781300,4781100,4781000,4780900,3300,500,100,100,100,600,100,100,5100,100,5050700,4527800,2515898,544300,0,0,0,0,0
300502.SZ,300502,20260325,93615000,4781100,0,0,31121,0,,,9320375,233814033,4920000,4780000,4902100,4680000,4783000,4783300,4783900,4784000,4784600,4785100,4789800,4789900,4790000,4790100,100,1200,100,100,200,4300,800,100,1300,400,4781000,4780900,4780800,4780700,4780600,4780500,4780400,4780300,4780200,4780100,5100,100,300,100,200,300,200,1100,300,7400,5050900,4525000,2511640,536800,0,0,0,0,0
300502.SZ,300502,20260325,93618000,4780400,0,0,31175,0,,,9332575,239647842,4920000,4780000,4902100,4680000,4780600,4781000,4781300,4782100,4782200,4782500,4783000,4783300,4783700,4783900,300,2100,200,900,700,100,10100,4500,100,500,4780300,4780200,4780100,4780000,4779500,4779300,4779200,4779100,4778300,4778000,1100,100,7400,20500,100,100,100,100,100,300,5050900,4522300,2512940,531900,0,0,0,0,0
300502.SZ,300502,20260325,93621000,4783300,0,0,31394,0,,,9376975,260887732,4920000,4780000,4902100,4680000,4789600,4789700,4789900,4790000,4790100,4790300,4790400,4790700,4790800,4790900,200,200,100,1600,100,500,2400,100,100,100,4783300,4783000,4782900,4782100,4781100,4781000,4780600,4780400,4780200,4780100,100,7000,200,1200,200,4000,1200,400,700,7500,5054500,4529000,2477040,545600,0,0,0,0,0
300502.SZ,300502,20260325,93624000,4785600,0,0,31536,0,,,9409520,276457055,4920000,4780000,4902100,4680000,4790000,4790100,4790300,4790400,4790700,4790800,4790900,4791000,4791800,4792000,100,100,500,2200,100,100,100,100,100,3300,4785400,4785300,4784200,4784100,4783700,4783600,4783500,4783400,4783300,4782000,400,2300,400,500,300,200,800,600,400,500,5055900,4532200,2464740,552955,0,0,0,0,0
300502.SZ,300502,20260325,93627000,4800000,0,0,31686,0,,,9442620,292331715,4920000,4780000,4902100,4680000,4802200,4804200,4804800,4806100,4808100,4808700,4808800,4808900,4809300,4809900,50,6200,1200,100,100,200,200,100,400,300,4800000,4792600,4792500,4792400,4790800,4790700,4790600,4790500,4790400,4790300,6500,600,100,200,200,200,200,200,200,600,5058300,4553500,2445740,604055,0,0,0,0,0
300502.SZ,300502,20260325,93630000,4809600,0,0,31809,0,,,9467970,304510789,4920000,4780000,4902100,4680000,4809900,4810000,4810100,4810200,4810300,4811000,4811800,4812000,4814000,4814200,200,21445,100,200,500,100,100,200,100,200,4809400,4802200,4802000,4800000,4796500,4792600,4792500,4792400,4790800,4790700,100,350,100,8500,400,600,100,200,200,200,5059900,4561000,2430537,625605,0,0,0,0,0
300502.SZ,300502,20260325,93633000,4810100,0,0,31922,0,,,9503468,321585647,4920000,4780000,4902100,4680000,4815400,4815500,4816700,4816800,4816900,4817000,4817100,4817200,4817700,4818200,200,100,100,4000,700,300,400,300,100,100,4810100,4810000,4809900,4809000,4808100,4804200,4802300,4802200,4802100,4802000,200,6047,4755,300,200,1500,1100,600,1200,50,5062400,4564300,2407892,632807,0,0,0,0,0
300502.SZ,300502,20260325,93636000,4820100,0,0,32150,0,,,9595148,365772660,4920000,4780000,4902100,4680000,4828400,4828500,4828600,4829000,4829700,4829800,4830000,4830100,4830500,4832300,100,7100,200,300,100,200,3600,500,6300,500,4820100,4820000,4817300,4817200,4817100,4816800,4816700,4816200,4815400,4814600,300,700,200,500,100,700,200,300,1700,100,5070300,4569500,2334612,647860,0,0,0,0,0
300502.SZ,300502,20260325,93639000,4820600,0,0,32269,0,,,9623248,379337104,4920000,4780000,4902100,4680000,4828400,4828500,4829800,4830000,4830100,4830500,4832300,4832400,4832600,4832700,1700,100,100,3600,500,6300,500,100,100,6000,4820700,4820600,4820500,4820400,4820300,4820200,4820100,4820000,4817900,4817800,200,300,1100,100,100,300,1300,100,200,200,5068200,4567500,2424212,641950,0,0,0,0,0
300502.SZ,300502,20260325,93642000,4830100,0,0,32363,0,,,9638548,386725008,4920000,4780000,4902100,4680000,4830500,4832300,4832400,4832600,4832700,4833000,4834600,4835000,4835100,4836700,6200,500,100,100,6000,300,100,200,200,100,4830000,4828700,4828500,4828400,4820800,4820700,4820600,4820500,4820400,4820300,500,300,100,5700,1100,100,500,300,300,100,5068900,4575400,2416712,663350,0,0,0,0,0
300502.SZ,300502,20260325,93645000,4832700,0,0,32430,0,,,9655048,394694877,4920000,4780000,4902100,4680000,4832700,4833000,4834600,4835000,4835100,4836700,4836900,4837300,4837700,4838000,5900,300,100,200,200,100,200,1000,100,900,4832400,4832300,4831400,4830500,4830300,4830200,4830100,4830000,4829900,4829700,100,600,100,2200,100,200,1600,800,1000,200,5069500,4581900,2410812,682850,0,0,0,0,0
300502.SZ,300502,20260325,93648000,4832700,0,0,32564,0,,,9684848,409094287,4920000,4780000,4902100,4680000,4837600,4837700,4838000,4838300,4838800,4838900,4839900,4840000,4842300,4842400,200,100,900,200,600,100,200,1500,100,100,4832700,4832600,4832400,4831900,4831100,4830500,4830100,4830000,4829900,4829700,2200,100,200,300,200,4200,200,2600,1000,100,5070300,4583400,2405512,687950,0,0,0,0,0
300502.SZ,300502,20260325,93651000,4838800,0,0,32612,0,,,9693248,413156661,4920000,4780000,4902100,4680000,4839800,4839900,4840000,4842300,4842400,4842800,4844400,4844800,4845000,4845100,300,100,1500,100,100,100,200,1000,2300,200,4838800,4837700,4837600,4837400,4832700,4832400,4831900,4831100,4830700,4830600,100,100,1100,100,11300,800,300,100,300,200,5069500,4588100,2410812,702550,0,0,0,0,0
300502.SZ,300502,20260325,93654000,4839900,0,0,32678,0,,,9704348,418528189,4920000,4780000,4902100,4680000,4843800,4843900,4844000,4844100,4844200,4844300,4844400,4844800,4845000,4845100,100,100,200,100,5500,200,200,1000,2300,200,4842400,4840000,4839900,4839800,4839000,4838900,4838800,4838400,4838000,4837700,100,300,100,1700,100,700,100,300,2400,300,5069200,4589900,2415512,707750,0,0,0,0,0
300502.SZ,300502,20260325,93657000,4838600,0,0,32915,0,,,9745948,438657869,4920000,4780000,4902100,4680000,4838600,4838700,4838800,4838900,4839000,4839400,4842400,4842800,4842900,4843000,100,700,600,1000,100,400,500,200,200,100,4835000,4834000,4833200,4832800,4832700,4832400,4830700,4830500,4830100,4830000,700,200,100,700,11000,200,300,9800,1800,1600,5068100,4584700,2429212,696100,0,0,0,0,0
300502.SZ,300502,20260325,93700000,4835200,0,0,33349,0,,,9814548,471823933,4920000,4780000,4902100,4680000,4835200,4838200,4838300,4838400,4838500,4838600,4838700,4838800,4838900,4839000,300,100,1600,200,1900,1500,700,200,100,100,4834000,4830500,4830100,4830000,4829700,4829500,4828800,4828400,4828300,4820800,100,700,1800,1800,100,500,200,3200,100,1400,5067400,4576300,2432912,673500,0,0,0,0,0
300502.SZ,300502,20260325,93703000,4843000,0,0,33551,0,,,9850648,489284052,4920000,4780000,4902100,4680000,4843100,4843600,4843700,4843800,4843900,4844200,4844300,4844400,4844800,4845000,3000,4700,200,100,200,4700,200,300,1000,2200,4838600,4837600,4835200,4834000,4830600,4830500,4830300,4830100,4830000,4829500,1100,100,200,500,100,100,400,1700,1800,200,5068500,4576300,2425312,673700,0,0,0,0,0
300502.SZ,300502,20260325,93706000,4840000,0,0,33645,0,,,9865348,496399328,4920000,4780000,4902100,4680000,4842300,4842400,4843000,4843600,4843700,4843800,4844200,4844300,4844400,4844800,100,700,2700,2500,200,100,4700,200,300,1000,4840000,4839800,4838700,4837600,4837500,4836300,4835800,4835200,4834000,4833800,200,200,300,200,200,100,100,7600,500,100,5068400,4579700,2427312,683400,0,0,0,0,0
300502.SZ,300502,20260325,93709000,4835200,0,0,33707,0,,,9883048,504965042,4920000,4780000,4902100,4680000,4838400,4839800,4839900,4840000,4841800,4842000,4842300,4842400,4843000,4843600,500,100,6800,1300,300,100,600,700,2800,2500,4835200,4834000,4833800,4833100,4833000,4830600,4830500,4830100,4830000,4828800,7900,600,100,300,2500,100,100,1700,1800,200,5067600,4580300,2431212,685000,0,0,0,0,0
300502.SZ,300502,20260325,93712000,4832600,0,0,33900,0,,,9917748,521737380,4920000,4780000,4902100,4680000,4832600,4836100,4836200,4836300,4836400,4836500,4836600,4836700,4836800,4837800,900,100,100,100,400,600,800,700,200,300,4828400,4828300,4820800,4820700,4820600,4820500,4820400,4820300,4820200,4820100,1800,100,1400,600,100,100,200,100,100,1500,5064400,4573600,2468712,667100,0,0,0,0,0
300502.SZ,300502,20260325,93715000,4832000,0,0,34061,0,,,9941148,533041213,4920000,4780000,4902100,4680000,4831900,4832100,4832200,4832300,4832400,4832600,4834900,4835000,4835200,4835900,200,200,100,100,200,900,100,800,400,100,4821600,4821500,4821100,4820900,4820800,4820700,4820600,4820500,4820400,4820100,300,200,100,600,700,600,100,100,100,1300,5064200,4573400,2470312,667300,0,0,0,0,0
300502.SZ,300502,20260325,93718000,4831700,0,0,34254,0,,,9988548,555941098,4920000,4780000,4902100,4680000,4831700,4831900,4832000,4833900,4834000,4834800,4835000,4835200,4836000,4836100,100,100,100,800,6800,200,700,1100,100,200,4822400,4822300,4822000,4821800,4821700,4821600,4821200,4820900,4820800,4820700,200,2600,100,300,300,500,200,100,100,200,5064000,4575000,2473912,672100,0,0,0,0,0
300502.SZ,300502,20260325,93721000,4834000,0,0,34342,0,,,10006448,564591934,4920000,4780000,4902100,4680000,4835200,4836000,4836200,4836300,4837600,4837800,4838100,4838400,4838500,4838600,1200,100,100,300,200,400,200,500,100,1000,4834000,4832100,4832000,4831900,4831800,4831700,4831000,4830000,4823300,4823000,17700,1100,2400,500,100,2100,700,100,100,800,5064500,4584800,2472512,699200,0,0,0,0,0
300502.SZ,300502,20260325,93724000,4834000,0,0,34408,0,,,10024748,573441228,4920000,4780000,4902100,4680000,4835900,4836200,4840000,4841000,4841200,4841800,4842000,4842300,4842400,4842500,600,100,9000,100,100,300,200,500,1100,100,4834000,4833900,4833800,4833100,4833000,4832600,4832100,4832000,4831900,4831800,10800,100,200,200,1000,200,100,2700,1100,100,5065400,4582700,2475412,693600,0,0,0,0,0
300502.SZ,300502,20260325,93727000,4833000,0,0,34534,0,,,10056948,589004221,4920000,4780000,4902100,4680000,4833000,4833100,4833700,4833800,4833900,4834000,4835900,4836200,4836300,4837800,600,500,200,300,1800,200,600,1300,100,100,4830000,4823300,4823000,4822600,4822500,4822400,4822300,4822200,4822000,4821800,1500,600,300,200,500,1000,200,100,100,200,5064700,4576500,2483712,676900,0,0,0,0,0
300502.SZ,300502,20260325,93730000,4831700,0,0,34630,0,,,10074848,597653130,4920000,4780000,4902100,4680000,4829700,4830000,4831100,4831700,4832600,4833000,4833900,4834000,4834200,4835000,700,1400,100,1500,100,100,500,6600,100,100,4823400,4823300,4823000,4822600,4822500,4822400,4822200,4822000,4821800,4821700,200,100,300,300,300,900,100,100,100,300,5063600,4575800,2499228,675500,0,0,0,0,0
300502.SZ,300502,20260325,93733000,4830000,0,0,34719,0,,,10095148,607461962,4920000,4780000,4902100,4680000,4834000,4834200,4835000,4835200,4835400,4835800,4835900,4836000,4836300,4837800,6800,100,100,200,300,800,200,200,100,100,4830000,4829900,4829700,4829000,4823500,4823400,4823300,4823000,4822500,4822400,400,300,800,200,200,1100,100,300,300,900,5065600,4577000,2500228,679100,0,0,0,0,0
300502.SZ,300502,20260325,93736000,4825000,0,0,34791,0,,,10110648,614947015,4920000,4780000,4902100,4680000,4829200,4829700,4830000,4831100,4831300,4831400,4831600,4831700,4833900,4834000,100,700,2400,100,1500,800,200,66200,1100,4500,4824000,4823400,4821800,4821700,4821600,4821000,4820800,4820700,4820600,4820400,200,100,300,300,300,200,100,200,1000,100,5058800,4575900,2577128,676300,0,0,0,0,0
300502.SZ,300502,20260325,93739000,4829200,0,0,34861,0,,,10163148,640309875,4920000,4780000,4902100,4680000,4829900,4830000,4831500,4831600,4831700,4833900,4834000,4834200,4835000,4835200,100,200,200,100,33200,1200,5000,100,100,200,4829200,4828200,4825600,4825500,4825100,4825000,4824900,4824800,4824700,4824600,2700,500,700,300,100,100,200,400,200,200,5061800,4580100,2541928,689000,0,0,0,0,0
300502.SZ,300502,20260325,93742000,4829200,0,0,34926,0,,,10193548,654993969,4920000,4780000,4902100,4680000,4829200,4830000,4831700,4833000,4833800,4833900,4834000,4834200,4835000,4835200,200,500,16200,300,100,900,5200,100,100,200,4826600,4826500,4826400,4826300,4826200,4826100,4826000,4825900,4825800,4825700,100,1500,200,400,300,400,200,400,400,700,5063300,4580400,2525628,690200,0,0,0,0,0
300502.SZ,300502,20260325,93745000,4829200,0,0,34978,0,,,10207048,661513960,4920000,4780000,4902100,4680000,4829700,4829900,4830000,4831100,4831700,4833000,4833800,4833900,4834000,4834200,3800,1600,700,100,13000,300,100,900,4700,100,4826500,4826200,4825700,4825500,4825100,4823600,4823500,4823400,4823000,4822000,1700,200,100,900,500,200,100,100,200,100,5063400,4578500,2532728,685000,0,0,0,0,0
300502.SZ,300502,20260325,93748000,4826600,0,0,35045,0,,,10232248,673685913,4920000,4780000,4902100,4680000,4829600,4831500,4831600,4831700,4833000,4833800,4833900,4834000,4834200,4835000,100,500,1700,5200,300,100,800,4600,100,300,4826600,4826500,4826300,4826200,4825700,4825500,4825100,4825000,4824000,4823600,2500,2500,100,200,100,500,500,100,1200,200,5064300,4580100,2523228,689500,0,0,0,0,0
300502.SZ,300502,20260325,93751000,4829600,0,0,35103,0,,,10246648,680640473,4920000,4780000,4902100,4680000,4831100,4831600,4831700,4833000,4833800,4833900,4834000,4834200,4835000,4835200,200,500,5200,300,100,800,4500,100,1700,200,4829600,4829200,4829000,4828600,4826700,4826600,4826500,4826300,4826200,4825700,300,1200,3500,100,200,1200,2600,100,200,200,5064700,4582100,2516228,694500,0,0,0,0,0
300502.SZ,300502,20260325,93754000,4830000,0,0,35176,0,,,10264648,689338133,4920000,4780000,4902100,4680000,4832600,4834000,4834200,4835000,4835200,4835400,4835600,4835800,4836000,4836400,100,700,100,1700,200,300,4700,800,100,100,4830000,4829900,4829800,4829700,4829600,4829200,4829000,4828600,4828000,4827800,400,600,500,1400,1000,1400,3500,100,100,200,5065400,4587800,2511128,711300,0,0,0,0,0
300502.SZ,300502,20260325,93757000,4833800,0,0,35242,0,,,10274048,693880852,4920000,4780000,4902100,4680000,4833800,4835100,4835200,4835400,4835600,4835800,4836000,4836400,4837800,4838000,200,100,200,300,4700,800,100,100,100,200,4833200,4833000,4832600,4831600,4831100,4830600,4830500,4830400,4830300,4830200,200,100,600,800,500,100,200,400,400,500,5065800,4591000,2513728,716700,0,0,0,0,0
300502.SZ,300502,20260325,93800000,4833800,0,0,35300,0,,,10285548,699439278,4920000,4780000,4902100,4680000,4835600,4835800,4836000,4836400,4837800,4838000,4838300,4838400,4838800,4839200,8500,800,100,100,100,200,100,200,200,100,4834000,4833800,4833100,4832800,4831100,4830000,4829900,4829800,4829700,4829600,100,1100,400,100,100,1400,300,500,700,3900,5065400,4590200,2521228,713500,0,0,0,0,0
300502.SZ,300502,20260325,93803000,4834900,0,0,35342,0,,,10298848,705869744,4920000,4780000,4902100,4680000,4835700,4835800,4836000,4836400,4836800,4837800,4838000,4838300,4838400,4838800,300,800,100,100,200,100,200,100,200,200,4833800,4832100,4832000,4831900,4831400,4831300,4831200,4831100,4830000,4829900,100,100,100,200,100,200,400,200,5200,300,5066100,4591200,2515128,717300,0,0,0,0,0
300502.SZ,300502,20260325,93806000,4833800,0,0,35392,0,,,10308748,710654978,4920000,4780000,4902100,4680000,4833800,4834000,4835200,4835600,4836200,4836300,4836400,4836800,4837800,4838000,300,2800,800,100,100,600,100,200,100,100,4831100,4830000,4829900,4829800,4829700,4829600,4829200,4829000,4828000,4827800,200,5300,300,500,1600,3900,1200,3700,100,200,5065800,4589500,2519628,712100,0,0,0,0,0
300502.SZ,300502,20260325,93809000,4817000,0,0,35552,0,,,10358048,734448610,4920000,4780000,4902100,4680000,4817000,4818100,4819500,4820000,4820100,4820200,4820400,4820600,4821400,4821600,600,1200,700,100,100,2300,100,400,600,100,4815400,4815200,4815000,4814700,4814600,4814500,4812700,4812200,4811500,4811300,2600,800,2000,100,100,100,100,100,100,100,5062000,4575200,2569128,671300,0,0,0,0,0
300502.SZ,300502,20260325,93812000,4820100,0,0,35824,0,,,10405348,757250558,4920000,4780000,4902100,4680000,4820100,4829400,4829500,4829600,4830000,4830200,4831100,4831400,4832300,4833400,1200,200,700,100,1000,200,1200,100,100,100,4817200,4817100,4817000,4815500,4815400,4815300,4815200,4815100,4815000,4814900,100,100,400,200,200,200,100,200,100,200,5064000,4574000,2549228,667800,0,0,0,0,0
300502.SZ,300502,20260325,93815000,4822800,0,0,35935,0,,,10426848,767631252,4920000,4780000,4902100,4680000,4833800,4834000,4834800,4834900,4835000,4835200,4835300,4835500,4835600,4835700,1400,5200,300,500,200,800,200,200,200,400,4830000,4822800,4822700,4822600,4822500,4822400,4822300,4822200,4822100,4822000,100,200,400,600,600,200,400,800,800,1000,5064600,4579200,2542828,682900,0,0,0,0,0
300502.SZ,300502,20260325,93818000,4833200,0,0,35977,0,,,10433448,770820396,4920000,4780000,4902100,4680000,4834000,4834800,4834900,4835000,4835200,4835300,4835600,4835700,4835800,4836200,3900,400,500,400,800,200,200,400,200,100,4833200,4833100,4830100,4830000,4823100,4823000,4822900,4822800,4822700,4822600,100,200,100,800,100,400,200,200,200,600,5064300,4580100,2547928,685600,0,0,0,0,0
300502.SZ,300502,20260325,93821000,4830000,0,0,36185,0,,,10468348,787677091,4920000,4780000,4902100,4680000,4832900,4833900,4834000,4834900,4835000,4837600,4837700,4837800,4838000,4838300,200,100,400,100,100,100,100,100,400,100,4824700,4824600,4824500,4824300,4824100,4824000,4823900,4823800,4823600,4823500,100,200,100,100,100,200,200,400,100,200,5064500,4579200,2546828,682500,0,0,0,0,0
300502.SZ,300502,20260325,93824000,4825300,0,0,36256,0,,,10478948,792799015,4920000,4780000,4902100,4680000,4829000,4830000,4832900,4833000,4833200,4833800,4834000,4835000,4835200,4835600,200,500,300,500,2400,200,500,9440,305,200,4825300,4825200,4825100,4825000,4824900,4824800,4824700,4824600,4824300,4824100,300,100,200,400,300,400,300,200,100,100,5063400,4580800,2561573,687100,0,0,0,0,0
300502.SZ,300502,20260325,93827000,4830000,0,0,36342,0,,,10495948,801012958,4920000,4780000,4902100,4680000,4832900,4833000,4833500,4833600,4834000,4834800,4834900,4835000,4835200,4835600,100,200,100,300,100,100,200,4940,305,200,4830000,4829000,4825900,4825800,4825700,4825600,4825500,4825400,4825100,4825000,1800,5100,300,400,200,300,300,400,400,200,5063900,4585100,2558673,699400,0,0,0,0,0
300502.SZ,300502,20260325,93830000,4825600,0,0,36440,0,,,10516648,811010334,4920000,4780000,4902100,4680000,4829400,4829900,4830000,4832900,4833200,4834200,4834500,4834800,4834900,4835000,100,100,100,100,500,100,100,500,200,5040,4829000,4825400,4825300,4825100,4825000,4824900,4824800,4824700,4824600,4824300,200,300,400,200,200,200,200,200,100,100,5063600,4583500,2564073,695400,0,0,0,0,0
300502.SZ,300502,20260325,93833000,4830000,0,0,36512,0,,,10533141,818979358,4920000,4780000,4902100,4680000,4834000,4834900,4835000,4835200,4835600,4835800,4836000,4836100,4838000,4838300,100,100,2240,305,200,900,100,300,400,100,4830000,4829500,4829400,4827500,4825300,4825100,4825000,4824900,4824800,4824700,900,200,5200,500,400,200,500,200,200,200,5063500,4587200,2567073,706300,0,0,0,0,0
300502.SZ,300502,20260325,93836000,4835300,0,0,36574,0,,,10541686,823110674,4920000,4780000,4902100,4680000,4837900,4838000,4838300,4838400,4838800,4839000,4839200,4839800,4839900,4840000,100,300,100,200,200,100,100,1200,2600,12000,4835300,4835000,4834900,4834300,4834100,4834000,4833000,4832900,4830700,4830500,100,200,100,100,200,300,200,355,100,300,5063700,4590500,2566828,716355,0,0,0,0,0
300502.SZ,300502,20260325,93839000,4835100,0,0,36662,0,,,10550886,827559815,4920000,4780000,4902100,4680000,4839800,4839900,4840000,4840100,4841200,4841900,4842000,4842100,4842300,4842400,100,1700,12000,4600,100,500,200,200,400,600,4835100,4835000,4834200,4834100,4834000,4833000,4832900,4832600,4830500,4830400,100,1000,200,400,1000,200,355,100,300,200,5064000,4589300,2564685,712855,0,0,0,0,0
300502.SZ,300502,20260325,93842000,4840000,0,0,36769,0,,,10572186,837867381,4920000,4780000,4902100,4680000,4840100,4841200,4841700,4841900,4842000,4842100,4842300,4842400,4842500,4842800,1200,100,100,500,200,200,400,600,100,200,4840000,4838800,4838600,4837900,4836900,4835400,4835300,4835200,4835100,4834800,9500,400,100,3500,100,300,400,200,100,100,5065100,4593700,2555285,725800,0,0,0,0,0
300502.SZ,300502,20260325,93845000,4841200,0,0,36830,0,,,10590586,846773720,4920000,4780000,4902100,4680000,4840200,4841200,4842400,4842500,4842800,4843000,4843100,4843700,4843800,4843900,100,200,400,100,200,200,900,100,100,100,4840000,4839900,4839800,4839100,4839000,4838800,4838600,4837900,4836100,4835400,2600,1500,6100,200,100,400,100,4400,100,100,5064900,4595500,2561385,731600,0,0,0,0,0
300502.SZ,300502,20260325,93848000,4841300,0,0,36869,0,,,10596286,849533518,4920000,4780000,4902100,4680000,4843900,4844200,4844300,4844400,4844700,4844800,4844900,4845000,4845100,4845300,100,100,100,400,500,600,300,2300,200,100,4841300,4841200,4840200,4840100,4840000,4839900,4839800,4839100,4839000,4838800,300,1100,10200,2900,3800,1500,10000,200,100,400,5065100,4601600,2559085,750500,0,0,0,0,0
300502.SZ,300502,20260325,93851000,4843800,0,0,36982,0,,,10626186,864009769,4920000,4780000,4902100,4680000,4841100,4841200,4844900,4845000,4845100,4845300,4845800,4846000,4846600,4848000,100,200,200,100,100,100,500,100,100,100,4840200,4840100,4840000,4839900,4839800,4839200,4838800,4838600,4837900,4836100,300,200,2400,1500,10300,200,400,100,1500,100,5065800,4597200,2560628,738100,0,0,0,0,0
300502.SZ,300502,20260325,93854000,4823000,0,0,37296,0,,,10712186,905555948,4920000,4780000,4902100,4680000,4834000,4834100,4834200,4837800,4838400,4838500,4839100,4839200,4839300,4840200,200,4500,100,400,200,1200,6200,900,600,1800,4823200,4823100,4823000,4822900,4822600,4822500,4822400,4822300,4822200,4822100,200,400,7300,100,200,200,400,200,200,200,5064000,4586600,2582228,706700,0,0,0,0,0
300502.SZ,300502,20260325,93857000,4834200,0,0,37625,0,,,10794186,945141032,4920000,4780000,4902100,4680000,4839000,4839100,4839200,4839300,4840000,4840200,4841000,4841200,4841300,4842100,200,3300,100,200,500,2400,1500,900,1800,100,4834200,4834100,4834000,4824200,4824100,4824000,4823900,4823800,4823700,4823600,2000,3400,500,100,300,400,500,400,200,300,5064500,4587000,2578028,707800,0,0,0,0,0
300502.SZ,300502,20260325,93900000,4839100,0,0,37710,0,,,10808586,952110346,4920000,4780000,4902100,4680000,4840000,4840200,4841300,4842200,4843500,4843600,4843800,4843900,4844300,4844700,100,100,8100,100,200,100,400,100,100,200,4839100,4839000,4838100,4834900,4834800,4834600,4834500,4834400,4834300,4834200,700,5700,1000,100,500,300,400,200,300,2200,5064900,4590500,2578328,718500,0,0,0,0,0
300502.SZ,300502,20260325,93903000,4840400,0,0,37808,0,,,10835286,965036567,4920000,4780000,4902100,4680000,4849600,4849700,4849800,4849900,4850000,4850100,4850300,4850600,4852000,4852300,400,300,1200,200,26600,1000,100,100,100,100,4840400,4840300,4840200,4840100,4840000,4839200,4839000,4835000,4834800,4834600,400,100,100,300,800,300,1500,100,400,200,5066300,4589000,2562628,714400,0,0,0,0,0
300502.SZ,300502,20260325,93906000,4850000,0,0,37885,0,,,10850486,972404875,4920000,4780000,4902100,4680000,4850000,4850100,4850300,4850600,4852000,4852300,4852600,4852800,4853200,4853500,20000,1000,100,200,100,100,300,2400,100,100,4845400,4842600,4842500,4842400,4842300,4842200,4842100,4842000,4841900,4841800,100,400,900,500,400,500,400,500,200,500,5066900,4594700,2556428,731200,0,0,0,0,0
300502.SZ,300502,20260325,93909000,4849900,0,0,38007,0,,,10870786,982250040,4920000,4780000,4902100,4680000,4850000,4850100,4850300,4850600,4852000,4852300,4852600,4852800,4853200,4853500,3300,1000,100,200,100,100,300,2400,100,100,4849400,4848600,4847700,4845500,4845400,4845100,4843900,4842600,4842500,4842400,200,200,2600,400,200,100,200,500,100,400,5067900,4596200,2547528,735200,0,0,0,0,0
300502.SZ,300502,20260325,93912000,4850100,0,0,38102,0,,,10887486,990352786,4920000,4780000,4902100,4680000,4855500,4855800,4856000,4856600,4856800,4857500,4858000,4858500,4858600,4858700,4000,1200,100,100,100,100,300,100,200,100,4850100,4850000,4849800,4849600,4849500,4849400,4848600,4847700,4845500,4845400,300,19700,200,800,400,100,200,2600,200,100,5068900,4603500,2536128,756900,0,0,0,0,0
300502.SZ,300502,20260325,93915000,4855800,0,0,38150,0,,,10897686,995303259,4920000,4780000,4902100,4680000,4855700,4855800,4856000,4856600,4856800,4857500,4858000,4858500,4858600,4858700,100,500,100,100,100,100,300,100,200,100,4855500,4854500,4852100,4850100,4850000,4849600,4849500,4849400,4849100,4847700,1900,400,1700,500,27200,1000,300,100,200,200,5069200,4606000,2533128,764800,0,0,0,0,0
300502.SZ,300502,20260325,93918000,4858100,0,0,38236,0,,,10911386,1001958257,4920000,4780000,4902100,4680000,4859000,4860000,4860100,4860500,4860700,4861000,4861300,4861600,4862300,4862800,200,6100,1100,300,100,200,100,100,1500,300,4858000,4856000,4855800,4855700,4855600,4855500,4855300,4854800,4852100,4850200,100,100,200,600,200,2900,200,100,1700,800,5069500,4615400,2529528,796000,0,0,0,0,0
300502.SZ,300502,20260325,93921000,4856500,0,0,38292,0,,,10919286,1005796130,4920000,4780000,4902100,4680000,4859000,4859100,4860000,4860100,4860500,4860700,4861000,4861300,4861600,4862300,100,200,4000,1100,300,100,200,100,100,1500,4856500,4856000,4855900,4855800,4855700,4855600,4855500,4855300,4855100,4854800,1800,100,2200,400,5100,300,4000,200,100,100,5069700,4615500,2530328,804800,0,0,0,0,0
300502.SZ,300502,20260325,93924000,4862000,0,0,38377,0,,,10934886,1013379497,4920000,4780000,4902100,4680000,4862700,4863400,4863500,4863600,4864000,4864700,4864800,4865000,4865100,4865300,200,1200,200,100,300,500,100,2307,100,100,4862000,4861800,4861000,4860500,4860100,4860000,4859100,4859000,4858300,4858100,6600,100,100,200,1100,1000,500,8700,300,200,5070300,4619500,2523628,818000,0,0,0,0,0
300502.SZ,300502,20260325,93927000,4862000,0,0,38472,0,,,10954886,1023101941,4920000,4780000,4902100,4680000,4862000,4862300,4862600,4863600,4863900,4864000,4864700,4864800,4865000,4865100,600,200,1000,100,100,800,500,100,2307,100,4861000,4860000,4859900,4859100,4859000,4858800,4858300,4858100,4858000,4856600,300,600,100,100,11900,100,300,300,100,100,5070200,4617900,2525728,804800,0,0,0,0,0
300502.SZ,300502,20260325,93930000,4861000,0,0,38565,0,,,10972686,1031754117,4920000,4780000,4902100,4680000,4861000,4861900,4862000,4862500,4862700,4863400,4863800,4864100,4864200,4864300,1000,300,200,100,200,100,300,100,200,2800,4859000,4858800,4858300,4858100,4858000,4856600,4856500,4856000,4855800,4855700,6300,200,300,100,100,100,2100,1200,400,1900,5069400,4621600,2527928,818000,0,0,0,0,0
300502.SZ,300502,20260325,93933000,4850200,0,0,38796,0,,,11004986,1047441720,4920000,4780000,4902100,4680000,4858900,4859000,4860000,4860900,4861000,4861300,4861900,4862000,4862500,4862700,400,5800,300,600,800,100,400,3200,200,200,4850100,4850000,4849800,4849600,4849400,4847600,4845600,4845500,4845400,4844000,200,68700,100,100,100,100,100,200,100,100,5068500,4615500,2539228,797300,0,0,0,0,0
300502.SZ,300502,20260325,93936000,4849500,0,0,39246,0,,,11107286,1097066196,4920000,4780000,4902100,4680000,4849800,4850100,4855900,4856000,4856100,4856200,4857400,4857500,4858200,4858300,100,800,200,400,800,100,2100,1300,800,600,4840700,4840600,4840500,4840400,4840000,4839600,4839200,4839000,4834900,4834800,400,1200,100,200,3600,200,200,1600,100,200,5065600,4592300,2575428,725200,0,0,0,0,0
300502.SZ,300502,20260325,93939000,4848900,0,0,39415,0,,,11132186,1109134236,4920000,4780000,4902100,4680000,4848900,4849500,4849600,4849700,4849800,4849900,4850000,4850100,4853900,4854900,400,100,100,200,600,100,200,9300,500,200,4840600,4840500,4840400,4840000,4839800,4839700,4839600,4839200,4839000,4834800,700,300,200,3600,100,100,200,200,1600,200,5064600,4591200,2587828,721700,0,0,0,0,0
300502.SZ,300502,20260325,93942000,4848900,0,0,39527,0,,,11153286,1119364414,4920000,4780000,4902100,4680000,4848600,4848800,4848900,4849700,4849800,4850000,4850100,4853200,4853700,4853800,200,100,400,300,2900,200,100,100,700,600,4841000,4840700,4840600,4840400,4840300,4840000,4839800,4839700,4839600,4839200,3400,400,100,400,100,3400,100,100,200,200,5064600,4592100,2587928,725200,0,0,0,0,0
300502.SZ,300502,20260325,93945000,4850000,0,0,39608,0,,,11168886,1126927984,4920000,4780000,4902100,4680000,4850000,4850100,4853200,4853700,4853900,4854700,4855000,4855200,4855300,4855500,2400,200,100,700,500,100,100,600,300,400,4848900,4848600,4847900,4842100,4842000,4841900,4841800,4841700,4841600,4841500,500,100,600,200,300,300,300,200,300,400,5064800,4593700,2586628,730100,0,0,0,0,0
300502.SZ,300502,20260325,93948000,4843500,0,0,39685,0,,,11182186,1133373880,4920000,4780000,4902100,4680000,4849900,4850000,4850100,4853200,4853700,4853900,4854700,4855200,4855300,4855500,100,400,200,100,700,500,100,600,300,400,4847900,4846000,4843100,4843000,4842800,4842700,4842600,4842500,4842100,4842000,200,100,100,1000,100,100,100,100,100,200,5065000,4593200,2589628,728700,0,0,0,0,0
300502.SZ,300502,20260325,93951000,4848600,0,0,39758,0,,,11196686,1140403548,4920000,4780000,4902100,4680000,4848800,4848900,4849500,4849800,4849900,4850000,4850100,4853200,4853700,4853900,100,6900,100,100,293,8900,600,100,800,500,4842800,4842000,4841100,4841000,4840800,4840700,4840600,4840500,4840400,4840000,200,200,200,2300,200,400,600,100,400,3700,5063400,4592300,2606621,726300,0,0,0,0,0
300502.SZ,300502,20260325,93954000,4841100,0,0,39869,0,,,11216086,1149798967,4920000,4780000,4902100,4680000,4841100,4842800,4844000,4844100,4844200,4844300,4846300,4847600,4847700,4847800,200,100,200,200,400,300,100,200,1300,200,4834800,4834200,4834000,4832600,4832000,4830900,4830200,4830100,4830000,4829600,200,200,700,300,200,100,400,100,1500,100,5061800,4588800,2627821,716000,0,0,0,0,0
300502.SZ,300502,20260325,93957000,4838800,0,0,39925,0,,,11223286,1153284267,4920000,4780000,4902100,4680000,4838800,4840000,4840700,4842700,4842800,4843900,4844000,4844100,4844300,4846300,1100,100,400,500,300,200,300,100,300,100,4834900,4834700,4834600,4834200,4834000,4833900,4832600,4832000,4830900,4830200,100,200,800,200,700,100,300,200,100,400,5061300,4588900,2633821,716700,0,0,0,0,0
300502.SZ,300502,20260325,94000000,4830000,0,0,40068,0,,,11244186,1163397137,4920000,4780000,4902100,4680000,4833700,4833800,4833900,4834000,4834600,4834800,4838900,4839100,4840600,4841100,400,500,300,600,100,100,100,200,100,100,4830000,4829900,4829600,4829000,4828800,4828500,4826800,4826500,4826300,4825600,300,100,100,200,100,100,100,100,100,300,5059700,4588100,2658921,714800,0,0,0,0,0
300502.SZ,300502,20260325,94003000,4834900,0,0,40160,0,,,11260186,1171126130,4920000,4780000,4902100,4680000,4834700,4834800,4838800,4840900,4841000,4841100,4842800,4845600,4845700,4845900,900,400,100,100,500,100,1800,100,100,100,4825700,4825600,4825000,4824800,4824600,4824200,4823200,4823000,4822600,4822400,100,200,400,100,200,100,200,400,100,200,5059800,4587000,2658428,712000,0,0,0,0,0
300502.SZ,300502,20260325,94006000,4825700,0,0,40248,0,,,11276586,1179050917,4920000,4780000,4902100,4680000,4833600,4833700,4833800,4834700,4835000,4837700,4838800,4840000,4841000,4842800,200,5400,500,100,100,300,2100,100,500,400,4825100,4825000,4824800,4824700,4824600,4824200,4823200,4823000,4822600,4822400,1600,300,100,100,200,100,200,400,100,200,5059800,4583100,2660728,718400,0,0,0,0,0
300502.SZ,300502,20260325,94009000,4820800,0,0,40301,0,,,11287086,1184118296,4920000,4780000,4902100,4680000,4824600,4825100,4829800,4829900,4830000,4833400,4833500,4833600,4833700,4833800,100,100,100,600,400,200,200,700,4600,300,4821200,4820800,4820100,4820000,4819900,4819500,4818900,4818800,4818100,4818000,100,500,300,11400,100,2600,100,200,100,100,5058900,4581900,2674928,715400,0,0,0,0,0
300502.SZ,300502,20260325,94012000,4820900,0,0,40428,0,,,11317786,1198925368,4920000,4780000,4902100,4680000,4820900,4821000,4821100,4821200,4821300,4824500,4824600,4825100,4825700,4825800,200,100,1100,400,100,200,100,9400,100,300,4820000,4819900,4819500,4818900,4818800,4818100,4818000,4817900,4817200,4817100,4100,100,2600,100,200,100,100,100,100,100,5057800,4573300,2693528,687300,0,0,0,0,0
300502.SZ,300502,20260325,94015000,4823400,0,0,40582,0,,,11354686,1216725618,4920000,4780000,4902100,4680000,4833500,4833600,4833700,4834100,4834700,4834900,4835000,4837700,4837800,4838800,100,100,4200,900,300,500,200,300,100,100,4823600,4823500,4823400,4823300,4822900,4822800,4822700,4822600,4822000,4821900,200,400,700,300,100,400,200,300,400,300,5058900,4574500,2683972,692300,0,0,0,0,0
300502.SZ,300502,20260325,94018000,4833600,0,0,40773,0,,,11389886,1233698994,4920000,4780000,4902100,4680000,4833400,4833500,4833600,4833700,4834700,4834900,4835000,4837700,4837800,4838800,100,100,800,200,300,500,100,300,100,200,4825000,4824900,4824800,4824700,4824600,4824000,4823900,4823700,4823600,4822800,100,300,400,200,1100,200,300,400,700,100,5059100,4583000,2682272,717400,0,0,0,0,0
300502.SZ,300502,20260325,94021000,4825000,0,0,40834,0,,,11406086,1241521621,4920000,4780000,4902100,4680000,4832500,4832600,4832700,4832800,4832900,4833000,4833100,4833200,4833300,4833400,200,300,400,400,400,400,400,300,400,100,4823900,4823600,4822800,4821100,4820900,4820200,4820100,4820000,4818800,4818400,100,1200,100,100,1900,100,200,23000,200,100,5058900,4582100,2685372,713300,0,0,0,0,0
300502.SZ,300502,20260325,94024000,4826000,0,0,40898,0,,,11413686,1245191448,4920000,4780000,4902100,4680000,4832100,4832200,4832300,4832400,4832500,4832600,4832700,4832800,4832900,4833000,200,100,200,600,200,200,200,200,200,200,4826000,4824000,4823600,4823500,4822800,4821100,4821000,4820900,4820600,4820200,100,100,700,100,100,100,100,1900,300,100,5058700,4582400,2688472,714500,0,0,0,0,0
300502.SZ,300502,20260325,94027000,4823900,0,0,40964,0,,,11424286,1250307478,4920000,4780000,4902100,4680000,4823900,4824000,4825100,4826000,4828800,4828900,4829900,4830000,4831700,4831900,400,700,100,1200,200,400,100,16700,200,100,4821500,4821100,4821000,4820900,4820600,4820200,4820100,4820000,4818800,4817900,500,100,100,1100,300,100,200,23700,200,400,5056600,4581800,2714072,713200,0,0,0,0,0
300502.SZ,300502,20260325,94030000,4819900,0,0,41107,0,,,11467586,1271182798,4920000,4780000,4902100,4680000,4821100,4821200,4821500,4822800,4823800,4823900,4824900,4825000,4825700,4825800,200,10200,800,400,1000,1000,200,100,6000,200,4811800,4811700,4811300,4811200,4810100,4810000,4809900,4809000,4808800,4808000,200,600,100,300,300,5500,1400,200,100,300,5054500,4574600,2747772,695600,0,0,0,0,0
300502.SZ,300502,20260325,94033000,4811300,0,0,41189,0,,,11492986,1283424594,4920000,4780000,4902100,4680000,4811800,4814200,4819500,4819700,4819800,4819900,4820000,4821100,4821500,4822400,1600,100,100,100,200,400,1700,400,800,100,4810000,4809900,4809800,4809000,4808800,4808100,4808000,4807800,4807600,4806400,4600,1400,200,500,100,100,300,200,100,3000,5054600,4573900,2746372,693500,0,0,0,0,0
300502.SZ,300502,20260325,94036000,4810000,0,0,41260,0,,,11508286,1290788628,4920000,4780000,4902100,4680000,4811800,4818900,4819000,4819500,4819900,4820000,4820100,4821000,4821100,4821500,200,300,600,100,200,2200,900,100,200,4000,4810000,4809900,4809800,4809200,4809100,4809000,4808800,4808100,4808000,4807800,3500,1400,200,100,200,500,200,100,300,200,5055200,4573600,2740872,692500,0,0,0,0,0
300502.SZ,300502,20260325,94039000,4810000,0,0,41325,0,,,11518586,1295744773,4920000,4780000,4902100,4680000,4810000,4811700,4811800,4819600,4819700,4819800,4819900,4820000,4820100,4821100,2000,200,300,100,200,200,200,2300,900,200,4809900,4809800,4809200,4809100,4809000,4808800,4808100,4808000,4807800,4807600,1400,200,100,200,600,200,100,200,200,100,5055400,4572400,2738672,688700,0,0,0,0,0
300502.SZ,300502,20260325,94042000,4810000,0,0,41396,0,,,11528786,1300652233,4920000,4780000,4902100,4680000,4819500,4819600,4819700,4819800,4819900,4820000,4820100,4821100,4821200,4821500,200,400,2700,200,100,2300,900,200,100,500,4810000,4809900,4809800,4809200,4809000,4808800,4808100,4808000,4807800,4807600,100,300,200,300,200,200,100,200,200,100,5055500,4572000,2739172,687600,0,0,0,0,0
300502.SZ,300502,20260325,94045000,4809200,0,0,41446,0,,,11536086,1304163019,4920000,4780000,4902100,4680000,4809200,4809900,4810000,4818500,4818700,4818800,4818900,4819000,4819400,4819500,2300,1300,3300,200,100,200,500,100,100,200,4807800,4807600,4807400,4806800,4806600,4806400,4805300,4805100,4805000,4804200,100,100,100,100,400,3000,100,100,200,100,5055200,4571300,2743072,685100,0,0,0,0,0
300502.SZ,300502,20260325,94048000,4811800,0,0,41570,0,,,11559786,1315569044,4920000,4780000,4902100,4680000,4820000,4821100,4821200,4821500,4822100,4822700,4822800,4823600,4823700,4823800,1800,200,100,400,200,100,3800,100,200,300,4811800,4810600,4810500,4810400,4810100,4810000,4809800,4809700,4809600,4809500,100,500,400,300,700,1200,100,100,100,100,5055700,4573000,2739952,690800,0,0,0,0,0
300502.SZ,300502,20260325,94051000,4819900,0,0,41644,0,,,11570486,1320726427,4920000,4780000,4902100,4680000,4823900,4824000,4824900,4825400,4825700,4826000,4829000,4829100,4829200,4829300,100,100,100,100,5900,2600,100,200,200,200,4819900,4819500,4818900,4816000,4812300,4811900,4811800,4811100,4810500,4810400,3000,100,400,300,100,800,100,100,200,100,5056300,4574900,2736052,696000,0,0,0,0,0
300502.SZ,300502,20260325,94054000,4807800,0,0,41736,0,,,11584086,1327272322,4920000,4780000,4902100,4680000,4811800,4816000,4819400,4819500,4819900,4820000,4823700,4823800,4823900,4824000,600,400,100,500,100,400,4800,8900,100,100,4809200,4807800,4807600,4806800,4806600,4806400,4806000,4805800,4805300,4805100,100,1000,300,200,200,2900,400,100,100,100,5054500,4573000,2760452,691100,0,0,0,0,0
