万得代码,交易所代码,自然日,时间,成交价,成交量,成交额,成交笔数,IOPV,成交标志,BS标志,当日累计成交量,当日成交额,最高价,最低价,开盘价,前收盘,申卖价1,申卖价2,申卖价3,申卖价4,申卖价5,申卖价6,申卖价7,申卖价8,申卖价9,申卖价10,申卖量1,申卖量2,申卖量3,申卖量4,申卖量5,申卖量6,申卖量7,申卖量8,申卖量9,申卖量10,申买价1,申买价2,申买价3,申买价4,申买价5,申买价6,申买价7,申买价8,申买价9,申买价10,申买量1,申买量2,申买量3,申买量4,申买量5,申买量6,申买量7,申买量8,申买量9,申买量10,加权平均叫卖价,加权平均叫买价,叫卖总量,叫买总量,不加权指数,品种总数,上涨品种数,下跌品种数,持平品种数
688521.SH,688521,20260325,91401000,0,0,0,0,0,,,0,0,0,0,0,2058800,0,0,0,0,0,0,0,0,0,0,0,0,0,0,0,0,0,0,0,0,0,0,0,0,0,0,0,0,0,0,0,0,0,0,0,0,0,0,0,0,0,0,0,0,0,0,0,0,0
688521.SH,688521,20260325,91501000,0,0,0,0,0,,,0,0,0,0,0,2058800,0,0,0,0,0,0,0,0,0,0,0,0,0,0,0,0,0,0,0,0,0,0,0,0,0,0,0,0,0,0,0,0,0,0,0,0,0,0,0,0,2080100,1998910,300,10245,0,0,0,0,0
688521.SH,688521,20260325,91504000,0,0,0,0,0,,,0,0,0,0,0,2058800,2025000,0,0,0,0,0,0,0,0,0,520,0,0,0,0,0,0,0,0,0,2025000,0,0,0,0,0,0,0,0,0,520,80,0,0,0,0,0,0,0,0,2221080,1976750,24098,15059,0,0,0,0,0
688521.SH,688521,20260325,91507000,0,0,0,0,0,,,0,0,0,0,0,2058800,2058800,0,0,0,0,0,0,0,0,0,720,0,0,0,0,0,0,0,0,0,2058800,0,0,0,0,0,0,0,0,0,720,4160,0,0,0,0,0,0,0,0,2234940,1981670,36137,26929,0,0,0,0,0
688521.SH,688521,20260325,91510000,0,0,0,0,0,,,0,0,0,0,0,2058800,2058800,0,0,0,0,0,0,0,0,0,3420,0,0,0,0,0,0,0,0,0,2058800,0,0,0,0,0,0,0,0,0,3420,1460,0,0,0,0,0,0,0,0,2218910,1974560,58645,42097,0,0,0,0,0
688521.SH,688521,20260325,91513000,0,0,0,0,0,,,0,0,0,0,0,2058800,2058800,0,0,0,0,0,0,0,0,0,3420,0,0,0,0,0,0,0,0,0,2058800,0,0,0,0,0,0,0,0,0,3420,3107,0,0,0,0,0,0,0,0,2281160,1976750,87667,48530,0,0,0,0,0
688521.SH,688521,20260325,91516000,0,0,0,0,0,,,0,0,0,0,0,2058800,2058800,0,0,0,0,0,0,0,0,0,4338,0,0,0,0,0,0,0,0,0,2058800,0,0,0,0,0,0,0,0,0,4338,5715,0,0,0,0,0,0,0,0,2271590,1977680,102961,63011,0,0,0,0,0
688521.SH,688521,20260325,91519000,0,0,0,0,0,,,0,0,0,0,0,2058800,2058800,0,0,0,0,0,0,0,0,0,4338,0,0,0,0,0,0,0,0,0,2058800,0,0,0,0,0,0,0,0,0,4338,8677,0,0,0,0,0,0,0,0,2259750,1941640,136469,89179,0,0,0,0,0
688521.SH,688521,20260325,91522000,0,0,0,0,0,,,0,0,0,0,0,2058800,2058800,0,0,0,0,0,0,0,0,0,4338,0,0,0,0,0,0,0,0,0,2058800,0,0,0,0,0,0,0,0,0,4338,8677,0,0,0,0,0,0,0,0,2259810,1941830,138122,90579,0,0,0,0,0
688521.SH,688521,20260325,91525000,0,0,0,0,0,,,0,0,0,0,0,2058800,2058800,0,0,0,0,0,0,0,0,0,4338,0,0,0,0,0,0,0,0,0,2058800,0,0,0,0,0,0,0,0,0,4338,9177,0,0,0,0,0,0,0,0,2261320,1942470,139122,91079,0,0,0,0,0
688521.SH,688521,20260325,91528000,0,0,0,0,0,,,0,0,0,0,0,2058800,2058800,0,0,0,0,0,0,0,0,0,4338,0,0,0,0,0,0,0,0,0,2058800,0,0,0,0,0,0,0,0,0,4338,9177,0,0,0,0,0,0,0,0,2261320,1943710,139122,93079,0,0,0,0,0
688521.SH,688521,20260325,91531000,0,0,0,0,0,,,0,0,0,0,0,2058800,2058800,0,0,0,0,0,0,0,0,0,4338,0,0,0,0,0,0,0,0,0,2058800,0,0,0,0,0,0,0,0,0,4338,9177,0,0,0,0,0,0,0,0,2261620,1942490,139322,93479,0,0,0,0,0
688521.SH,688521,20260325,91540000,0,0,0,0,0,,,0,0,0,0,0,2058800,2058800,0,0,0,0,0,0,0,0,0,5583,0,0,0,0,0,0,0,0,0,2058800,0,0,0,0,0,0,0,0,0,5583,7932,0,0,0,0,0,0,0,0,2259130,1942490,140567,93479,0,0,0,0,0
688521.SH,688521,20260325,91552000,0,0,0,0,0,,,0,0,0,0,0,2058800,2058800,0,0,0,0,0,0,0,0,0,5583,0,0,0,0,0,0,0,0,0,2058800,0,0,0,0,0,0,0,0,0,5583,7932,0,0,0,0,0,0,0,0,2259130,1943220,140567,94501,0,0,0,0,0
688521.SH,688521,20260325,91607000,0,0,0,0,0,,,0,0,0,0,0,2058800,2058800,0,0,0,0,0,0,0,0,0,5583,0,0,0,0,0,0,0,0,0,2058800,0,0,0,0,0,0,0,0,0,5583,7932,0,0,0,0,0,0,0,0,2258730,1943130,140967,94701,0,0,0,0,0
688521.SH,688521,20260325,91610000,0,0,0,0,0,,,0,0,0,0,0,2058800,2058800,0,0,0,0,0,0,0,0,0,5583,0,0,0,0,0,0,0,0,0,2058800,0,0,0,0,0,0,0,0,0,5583,7932,0,0,0,0,0,0,0,0,2258650,1943130,141167,94701,0,0,0,0,0
688521.SH,688521,20260325,91616000,0,0,0,0,0,,,0,0,0,0,0,2058800,2058800,0,0,0,0,0,0,0,0,0,5583,0,0,0,0,0,0,0,0,0,2058800,0,0,0,0,0,0,0,0,0,5583,7932,0,0,0,0,0,0,0,0,2258950,1943130,141367,94701,0,0,0,0,0
688521.SH,688521,20260325,91619000,0,0,0,0,0,,,0,0,0,0,0,2058800,2058800,0,0,0,0,0,0,0,0,0,5883,0,0,0,0,0,0,0,0,0,2058800,0,0,0,0,0,0,0,0,0,5883,7632,0,0,0,0,0,0,0,0,2258100,1943130,141967,94701,0,0,0,0,0
688521.SH,688521,20260325,91622000,0,0,0,0,0,,,0,0,0,0,0,2058800,2058800,0,0,0,0,0,0,0,0,0,5883,0,0,0,0,0,0,0,0,0,2058800,0,0,0,0,0,0,0,0,0,5883,7832,0,0,0,0,0,0,0,0,2258100,1944240,141967,94901,0,0,0,0,0
688521.SH,688521,20260325,91625000,0,0,0,0,0,,,0,0,0,0,0,2058800,2058800,0,0,0,0,0,0,0,0,0,5883,0,0,0,0,0,0,0,0,0,2058800,0,0,0,0,0,0,0,0,0,5883,7832,0,0,0,0,0,0,0,0,2258100,1944330,141967,95101,0,0,0,0,0
688521.SH,688521,20260325,91628000,0,0,0,0,0,,,0,0,0,0,0,2058800,2058800,0,0,0,0,0,0,0,0,0,5883,0,0,0,0,0,0,0,0,0,2058800,0,0,0,0,0,0,0,0,0,5883,7832,0,0,0,0,0,0,0,0,2258100,1944310,141967,95601,0,0,0,0,0
688521.SH,688521,20260325,91631000,0,0,0,0,0,,,0,0,0,0,0,2058800,2058800,0,0,0,0,0,0,0,0,0,5883,0,0,0,0,0,0,0,0,0,2058800,0,0,0,0,0,0,0,0,0,5883,7832,0,0,0,0,0,0,0,0,2258100,1944490,141967,95892,0,0,0,0,0
688521.SH,688521,20260325,91634000,0,0,0,0,0,,,0,0,0,0,0,2058800,2058800,0,0,0,0,0,0,0,0,0,5883,0,0,0,0,0,0,0,0,0,2058800,0,0,0,0,0,0,0,0,0,5883,7832,0,0,0,0,0,0,0,0,2258240,1944490,142167,95892,0,0,0,0,0
688521.SH,688521,20260325,91643000,0,0,0,0,0,,,0,0,0,0,0,2058800,2058800,0,0,0,0,0,0,0,0,0,5883,0,0,0,0,0,0,0,0,0,2058800,0,0,0,0,0,0,0,0,0,5883,8032,0,0,0,0,0,0,0,0,2258240,1944730,142167,96092,0,0,0,0,0
688521.SH,688521,20260325,91649000,0,0,0,0,0,,,0,0,0,0,0,2058800,2058800,0,0,0,0,0,0,0,0,0,5883,0,0,0,0,0,0,0,0,0,2058800,0,0,0,0,0,0,0,0,0,5883,8032,0,0,0,0,0,0,0,0,2258110,1944730,142367,96092,0,0,0,0,0
688521.SH,688521,20260325,91652000,0,0,0,0,0,,,0,0,0,0,0,2058800,2058800,0,0,0,0,0,0,0,0,0,5883,0,0,0,0,0,0,0,0,0,2058800,0,0,0,0,0,0,0,0,0,5883,8032,0,0,0,0,0,0,0,0,2258110,1944940,142367,96392,0,0,0,0,0
688521.SH,688521,20260325,91655000,0,0,0,0,0,,,0,0,0,0,0,2058800,2058800,0,0,0,0,0,0,0,0,0,5883,0,0,0,0,0,0,0,0,0,2058800,0,0,0,0,0,0,0,0,0,5883,8032,0,0,0,0,0,0,0,0,2258110,1944720,142367,96715,0,0,0,0,0
688521.SH,688521,20260325,91658000,0,0,0,0,0,,,0,0,0,0,0,2058800,2058800,0,0,0,0,0,0,0,0,0,5883,0,0,0,0,0,0,0,0,0,2058800,0,0,0,0,0,0,0,0,0,5883,8436,0,0,0,0,0,0,0,0,2258110,1946910,142367,97119,0,0,0,0,0
688521.SH,688521,20260325,91701000,0,0,0,0,0,,,0,0,0,0,0,2058800,2058800,0,0,0,0,0,0,0,0,0,6253,0,0,0,0,0,0,0,0,0,2058800,0,0,0,0,0,0,0,0,0,6253,8066,0,0,0,0,0,0,0,0,2257110,1946890,142937,97319,0,0,0,0,0
688521.SH,688521,20260325,91704000,0,0,0,0,0,,,0,0,0,0,0,2058800,2058800,0,0,0,0,0,0,0,0,0,6253,0,0,0,0,0,0,0,0,0,2058800,0,0,0,0,0,0,0,0,0,6253,8066,0,0,0,0,0,0,0,0,2256730,1947020,143254,97519,0,0,0,0,0
688521.SH,688521,20260325,91716000,0,0,0,0,0,,,0,0,0,0,0,2058800,2058800,0,0,0,0,0,0,0,0,0,6253,0,0,0,0,0,0,0,0,0,2058800,0,0,0,0,0,0,0,0,0,6253,8066,0,0,0,0,0,0,0,0,2256730,1947060,143254,97719,0,0,0,0,0
688521.SH,688521,20260325,91719000,0,0,0,0,0,,,0,0,0,0,0,2058800,2058800,0,0,0,0,0,0,0,0,0,6253,0,0,0,0,0,0,0,0,0,2058800,0,0,0,0,0,0,0,0,0,6253,8066,0,0,0,0,0,0,0,0,2256210,1947060,143754,97719,0,0,0,0,0
688521.SH,688521,20260325,91722000,0,0,0,0,0,,,0,0,0,0,0,2058800,2058800,0,0,0,0,0,0,0,0,0,6453,0,0,0,0,0,0,0,0,0,2058800,0,0,0,0,0,0,0,0,0,6453,7866,0,0,0,0,0,0,0,0,2258110,1947060,147224,97719,0,0,0,0,0
688521.SH,688521,20260325,91725000,0,0,0,0,0,,,0,0,0,0,0,2058800,2058800,0,0,0,0,0,0,0,0,0,6453,0,0,0,0,0,0,0,0,0,2058800,0,0,0,0,0,0,0,0,0,6453,7866,0,0,0,0,0,0,0,0,2258110,1947190,147224,97919,0,0,0,0,0
688521.SH,688521,20260325,91728000,0,0,0,0,0,,,0,0,0,0,0,2058800,2058800,0,0,0,0,0,0,0,0,0,6453,0,0,0,0,0,0,0,0,0,2058800,0,0,0,0,0,0,0,0,0,6453,7866,0,0,0,0,0,0,0,0,2258890,1946990,148224,97619,0,0,0,0,0
688521.SH,688521,20260325,91731000,0,0,0,0,0,,,0,0,0,0,0,2058800,2058800,0,0,0,0,0,0,0,0,0,6453,0,0,0,0,0,0,0,0,0,2058800,0,0,0,0,0,0,0,0,0,6453,8066,0,0,0,0,0,0,0,0,2258890,1947760,148224,98819,0,0,0,0,0
688521.SH,688521,20260325,91734000,0,0,0,0,0,,,0,0,0,0,0,2058800,2058800,0,0,0,0,0,0,0,0,0,7453,0,0,0,0,0,0,0,0,0,2058800,0,0,0,0,0,0,0,0,0,7453,7366,0,0,0,0,0,0,0,0,2257490,1948090,149224,99119,0,0,0,0,0
688521.SH,688521,20260325,91737000,0,0,0,0,0,,,0,0,0,0,0,2058800,2058800,0,0,0,0,0,0,0,0,0,7453,0,0,0,0,0,0,0,0,0,2058800,0,0,0,0,0,0,0,0,0,7453,7366,0,0,0,0,0,0,0,0,2257400,1948300,149324,99519,0,0,0,0,0
688521.SH,688521,20260325,91740000,0,0,0,0,0,,,0,0,0,0,0,2058800,2058800,0,0,0,0,0,0,0,0,0,7453,0,0,0,0,0,0,0,0,0,2058800,0,0,0,0,0,0,0,0,0,7453,7366,0,0,0,0,0,0,0,0,2257400,1948380,149324,99519,0,0,0,0,0
688521.SH,688521,20260325,91746000,0,0,0,0,0,,,0,0,0,0,0,2058800,2058800,0,0,0,0,0,0,0,0,0,7453,0,0,0,0,0,0,0,0,0,2058800,0,0,0,0,0,0,0,0,0,7453,7366,0,0,0,0,0,0,0,0,2256970,1948490,150124,99719,0,0,0,0,0
688521.SH,688521,20260325,91749000,0,0,0,0,0,,,0,0,0,0,0,2058800,2058800,0,0,0,0,0,0,0,0,0,7453,0,0,0,0,0,0,0,0,0,2058800,0,0,0,0,0,0,0,0,0,7453,7366,0,0,0,0,0,0,0,0,2256970,1948500,150124,99919,0,0,0,0,0
688521.SH,688521,20260325,91755000,0,0,0,0,0,,,0,0,0,0,0,2058800,2058800,0,0,0,0,0,0,0,0,0,7453,0,0,0,0,0,0,0,0,0,2058800,0,0,0,0,0,0,0,0,0,7453,7366,0,0,0,0,0,0,0,0,2256580,1948500,150524,99919,0,0,0,0,0
688521.SH,688521,20260325,91801000,0,0,0,0,0,,,0,0,0,0,0,2058800,2058800,0,0,0,0,0,0,0,0,0,7453,0,0,0,0,0,0,0,0,0,2058800,0,0,0,0,0,0,0,0,0,7453,12366,0,0,0,0,0,0,0,0,2256580,1953940,150524,105119,0,0,0,0,0
688521.SH,688521,20260325,91804000,0,0,0,0,0,,,0,0,0,0,0,2058800,2058800,0,0,0,0,0,0,0,0,0,7453,0,0,0,0,0,0,0,0,0,2058800,0,0,0,0,0,0,0,0,0,7453,12366,0,0,0,0,0,0,0,0,2256370,1953940,150724,105119,0,0,0,0,0
688521.SH,688521,20260325,91807000,0,0,0,0,0,,,0,0,0,0,0,2058800,2058800,0,0,0,0,0,0,0,0,0,7453,0,0,0,0,0,0,0,0,0,2058800,0,0,0,0,0,0,0,0,0,7453,12366,0,0,0,0,0,0,0,0,2256960,1953940,151173,105119,0,0,0,0,0
688521.SH,688521,20260325,91810000,0,0,0,0,0,,,0,0,0,0,0,2058800,2058800,0,0,0,0,0,0,0,0,0,7453,0,0,0,0,0,0,0,0,0,2058800,0,0,0,0,0,0,0,0,0,7453,12366,0,0,0,0,0,0,0,0,2256960,1954430,151173,106057,0,0,0,0,0
688521.SH,688521,20260325,91813000,0,0,0,0,0,,,0,0,0,0,0,2058800,2058800,0,0,0,0,0,0,0,0,0,7453,0,0,0,0,0,0,0,0,0,2058800,0,0,0,0,0,0,0,0,0,7453,12366,0,0,0,0,0,0,0,0,2256760,1954430,151373,106057,0,0,0,0,0
688521.SH,688521,20260325,91816000,0,0,0,0,0,,,0,0,0,0,0,2058800,2058800,0,0,0,0,0,0,0,0,0,7453,0,0,0,0,0,0,0,0,0,2058800,0,0,0,0,0,0,0,0,0,7453,12366,0,0,0,0,0,0,0,0,2256760,1954370,151373,106257,0,0,0,0,0
688521.SH,688521,20260325,91822000,0,0,0,0,0,,,0,0,0,0,0,2058800,2058800,0,0,0,0,0,0,0,0,0,7653,0,0,0,0,0,0,0,0,0,2058800,0,0,0,0,0,0,0,0,0,7653,12366,0,0,0,0,0,0,0,0,2255960,1954480,151573,106657,0,0,0,0,0
688521.SH,688521,20260325,91825000,0,0,0,0,0,,,0,0,0,0,0,2058800,2058800,0,0,0,0,0,0,0,0,0,7964,0,0,0,0,0,0,0,0,0,2058800,0,0,0,0,0,0,0,0,0,7964,12055,0,0,0,0,0,0,0,0,2255320,1949730,152184,116857,0,0,0,0,0
688521.SH,688521,20260325,91828000,0,0,0,0,0,,,0,0,0,0,0,2058800,2058800,0,0,0,0,0,0,0,0,0,7964,0,0,0,0,0,0,0,0,0,2058800,0,0,0,0,0,0,0,0,0,7964,12055,0,0,0,0,0,0,0,0,2255510,1949730,152384,116857,0,0,0,0,0
688521.SH,688521,20260325,91831000,0,0,0,0,0,,,0,0,0,0,0,2058800,2058800,0,0,0,0,0,0,0,0,0,7964,0,0,0,0,0,0,0,0,0,2058800,0,0,0,0,0,0,0,0,0,7964,12055,0,0,0,0,0,0,0,0,2255440,1949730,152584,116857,0,0,0,0,0
688521.SH,688521,20260325,91834000,0,0,0,0,0,,,0,0,0,0,0,2058800,2058800,0,0,0,0,0,0,0,0,0,7964,0,0,0,0,0,0,0,0,0,2058800,0,0,0,0,0,0,0,0,0,7964,16055,0,0,0,0,0,0,0,0,2255220,1953340,153084,120857,0,0,0,0,0
688521.SH,688521,20260325,91837000,0,0,0,0,0,,,0,0,0,0,0,2058800,2058800,0,0,0,0,0,0,0,0,0,7964,0,0,0,0,0,0,0,0,0,2058800,0,0,0,0,0,0,0,0,0,7964,16055,0,0,0,0,0,0,0,0,2255500,1953210,153284,120566,0,0,0,0,0
688521.SH,688521,20260325,91843000,0,0,0,0,0,,,0,0,0,0,0,2058800,2058800,0,0,0,0,0,0,0,0,0,7964,0,0,0,0,0,0,0,0,0,2058800,0,0,0,0,0,0,0,0,0,7964,21440,0,0,0,0,0,0,0,0,2255500,1957590,153284,125683,0,0,0,0,0
688521.SH,688521,20260325,91846000,0,0,0,0,0,,,0,0,0,0,0,2058800,2058800,0,0,0,0,0,0,0,0,0,7964,0,0,0,0,0,0,0,0,0,2058800,0,0,0,0,0,0,0,0,0,7964,21440,0,0,0,0,0,0,0,0,2255500,1957090,153284,126083,0,0,0,0,0
688521.SH,688521,20260325,91849000,0,0,0,0,0,,,0,0,0,0,0,2058800,2058800,0,0,0,0,0,0,0,0,0,7964,0,0,0,0,0,0,0,0,0,2058800,0,0,0,0,0,0,0,0,0,7964,22140,0,0,0,0,0,0,0,0,2255500,1957650,153284,126783,0,0,0,0,0
688521.SH,688521,20260325,91852000,0,0,0,0,0,,,0,0,0,0,0,2058800,2058800,0,0,0,0,0,0,0,0,0,7964,0,0,0,0,0,0,0,0,0,2058800,0,0,0,0,0,0,0,0,0,7964,18140,0,0,0,0,0,0,0,0,2255500,1954360,153284,122783,0,0,0,0,0
688521.SH,688521,20260325,91855000,0,0,0,0,0,,,0,0,0,0,0,2058800,2058800,0,0,0,0,0,0,0,0,0,7964,0,0,0,0,0,0,0,0,0,2058800,0,0,0,0,0,0,0,0,0,7964,18140,0,0,0,0,0,0,0,0,2255500,1954320,153284,122983,0,0,0,0,0
688521.SH,688521,20260325,91858000,0,0,0,0,0,,,0,0,0,0,0,2058800,2058800,0,0,0,0,0,0,0,0,0,7964,0,0,0,0,0,0,0,0,0,2058800,0,0,0,0,0,0,0,0,0,7964,18140,0,0,0,0,0,0,0,0,2255420,1955090,153484,124983,0,0,0,0,0
688521.SH,688521,20260325,91901000,0,0,0,0,0,,,0,0,0,0,0,2058800,2058800,0,0,0,0,0,0,0,0,0,7964,0,0,0,0,0,0,0,0,0,2058800,0,0,0,0,0,0,0,0,0,7964,18140,0,0,0,0,0,0,0,0,2255290,1955090,153684,124983,0,0,0,0,0
688521.SH,688521,20260325,91904000,0,0,0,0,0,,,0,0,0,0,0,2058800,2058800,0,0,0,0,0,0,0,0,0,8164,0,0,0,0,0,0,0,0,0,2058800,0,0,0,0,0,0,0,0,0,8164,18340,0,0,0,0,0,0,0,0,2254890,1955420,153884,125383,0,0,0,0,0
688521.SH,688521,20260325,91907000,0,0,0,0,0,,,0,0,0,0,0,2058800,2058800,0,0,0,0,0,0,0,0,0,8514,0,0,0,0,0,0,0,0,0,2058800,0,0,0,0,0,0,0,0,0,8514,17990,0,0,0,0,0,0,0,0,2254300,1955390,154434,125783,0,0,0,0,0
688521.SH,688521,20260325,91913000,0,0,0,0,0,,,0,0,0,0,0,2058800,2058800,0,0,0,0,0,0,0,0,0,8514,0,0,0,0,0,0,0,0,0,2058800,0,0,0,0,0,0,0,0,0,8514,18290,0,0,0,0,0,0,0,0,2254300,1956610,154434,126083,0,0,0,0,0
688521.SH,688521,20260325,91916000,0,0,0,0,0,,,0,0,0,0,0,2058800,2058800,0,0,0,0,0,0,0,0,0,8514,0,0,0,0,0,0,0,0,0,2058800,0,0,0,0,0,0,0,0,0,8514,18290,0,0,0,0,0,0,0,0,2254170,1956610,154834,126083,0,0,0,0,0
688521.SH,688521,20260325,91919000,0,0,0,0,0,,,0,0,0,0,0,2058800,2058800,0,0,0,0,0,0,0,0,0,8514,0,0,0,0,0,0,0,0,0,2058800,0,0,0,0,0,0,0,0,0,8514,18290,0,0,0,0,0,0,0,0,2254170,1956470,154834,126383,0,0,0,0,0
688521.SH,688521,20260325,91922000,0,0,0,0,0,,,0,0,0,0,0,2058800,2058800,0,0,0,0,0,0,0,0,0,8514,0,0,0,0,0,0,0,0,0,2058800,0,0,0,0,0,0,0,0,0,8514,18490,0,0,0,0,0,0,0,0,2253960,1956880,155034,127083,0,0,0,0,0
688521.SH,688521,20260325,91928000,0,0,0,0,0,,,0,0,0,0,0,2058800,2058800,0,0,0,0,0,0,0,0,0,8514,0,0,0,0,0,0,0,0,0,2058800,0,0,0,0,0,0,0,0,0,8514,18490,0,0,0,0,0,0,0,0,2253960,1956880,155334,127083,0,0,0,0,0
688521.SH,688521,20260325,91931000,0,0,0,0,0,,,0,0,0,0,0,2058800,2058800,0,0,0,0,0,0,0,0,0,8814,0,0,0,0,0,0,0,0,0,2058800,0,0,0,0,0,0,0,0,0,8814,18190,0,0,0,0,0,0,0,0,2254110,1957120,156068,127783,0,0,0,0,0
688521.SH,688521,20260325,91934000,0,0,0,0,0,,,0,0,0,0,0,2058800,2058800,0,0,0,0,0,0,0,0,0,8814,0,0,0,0,0,0,0,0,0,2058800,0,0,0,0,0,0,0,0,0,8814,17990,0,0,0,0,0,0,0,0,2254110,1956960,156068,127583,0,0,0,0,0
688521.SH,688521,20260325,91940000,0,0,0,0,0,,,0,0,0,0,0,2058800,2058800,0,0,0,0,0,0,0,0,0,9014,0,0,0,0,0,0,0,0,0,2058800,0,0,0,0,0,0,0,0,0,9014,17790,0,0,0,0,0,0,0,0,2253860,1957260,156268,128683,0,0,0,0,0
688521.SH,688521,20260325,91943000,0,0,0,0,0,,,0,0,0,0,0,2058800,2058800,0,0,0,0,0,0,0,0,0,9014,0,0,0,0,0,0,0,0,0,2058800,0,0,0,0,0,0,0,0,0,9014,12790,0,0,0,0,0,0,0,0,2253860,1953210,156268,123483,0,0,0,0,0
688521.SH,688521,20260325,91946000,0,0,0,0,0,,,0,0,0,0,0,2058800,2058800,0,0,0,0,0,0,0,0,0,9314,0,0,0,0,0,0,0,0,0,2058800,0,0,0,0,0,0,0,0,0,9314,12105,0,0,0,0,0,0,0,0,2252700,1952880,156568,123098,0,0,0,0,0
688521.SH,688521,20260325,91949000,0,0,0,0,0,,,0,0,0,0,0,2058800,2058800,0,0,0,0,0,0,0,0,0,9314,0,0,0,0,0,0,0,0,0,2058800,0,0,0,0,0,0,0,0,0,9314,12105,0,0,0,0,0,0,0,0,2252570,1953070,156968,123598,0,0,0,0,0
688521.SH,688521,20260325,91952000,0,0,0,0,0,,,0,0,0,0,0,2058800,2058800,0,0,0,0,0,0,0,0,0,9314,0,0,0,0,0,0,0,0,0,2058800,0,0,0,0,0,0,0,0,0,9314,12105,0,0,0,0,0,0,0,0,2252810,1953280,157768,124098,0,0,0,0,0
688521.SH,688521,20260325,91955000,0,0,0,0,0,,,0,0,0,0,0,2058800,2058800,0,0,0,0,0,0,0,0,0,9314,0,0,0,0,0,0,0,0,0,2058800,0,0,0,0,0,0,0,0,0,9314,12105,0,0,0,0,0,0,0,0,2252510,1953280,158368,124098,0,0,0,0,0
688521.SH,688521,20260325,91958000,0,0,0,0,0,,,0,0,0,0,0,2058800,2058800,0,0,0,0,0,0,0,0,0,9314,0,0,0,0,0,0,0,0,0,2058800,0,0,0,0,0,0,0,0,0,9314,12355,0,0,0,0,0,0,0,0,2252200,1953490,158768,124348,0,0,0,0,0
688521.SH,688521,20260325,92001000,0,0,0,0,0,,,0,0,0,0,0,2058800,2058800,0,0,0,0,0,0,0,0,0,9314,0,0,0,0,0,0,0,0,0,2058800,0,0,0,0,0,0,0,0,0,9314,12355,0,0,0,0,0,0,0,0,2252210,1953490,160262,124348,0,0,0,0,0
688521.SH,688521,20260325,92004000,0,0,0,0,0,,,0,0,0,0,0,2058800,2058800,0,0,0,0,0,0,0,0,0,9914,0,0,0,0,0,0,0,0,0,2058800,0,0,0,0,0,0,0,0,0,9914,12555,0,0,0,0,0,0,0,0,2250920,1956720,161062,125648,0,0,0,0,0
688521.SH,688521,20260325,92007000,0,0,0,0,0,,,0,0,0,0,0,2058800,2058800,0,0,0,0,0,0,0,0,0,10314,0,0,0,0,0,0,0,0,0,2058800,0,0,0,0,0,0,0,0,0,10314,12155,0,0,0,0,0,0,0,0,2250260,1956720,161662,125648,0,0,0,0,0
688521.SH,688521,20260325,92010000,0,0,0,0,0,,,0,0,0,0,0,2058800,2058800,0,0,0,0,0,0,0,0,0,10314,0,0,0,0,0,0,0,0,0,2058800,0,0,0,0,0,0,0,0,0,10314,12592,0,0,0,0,0,0,0,0,2250480,1957070,162062,126085,0,0,0,0,0
688521.SH,688521,20260325,92013000,0,0,0,0,0,,,0,0,0,0,0,2058800,2058800,0,0,0,0,0,0,0,0,0,10314,0,0,0,0,0,0,0,0,0,2058800,0,0,0,0,0,0,0,0,0,10314,12592,0,0,0,0,0,0,0,0,2250240,1956980,162579,126285,0,0,0,0,0
688521.SH,688521,20260325,92016000,0,0,0,0,0,,,0,0,0,0,0,2058800,2058800,0,0,0,0,0,0,0,0,0,10314,0,0,0,0,0,0,0,0,0,2058800,0,0,0,0,0,0,0,0,0,10314,12792,0,0,0,0,0,0,0,0,2250130,1957810,162972,126785,0,0,0,0,0
688521.SH,688521,20260325,92019000,0,0,0,0,0,,,0,0,0,0,0,2058800,2058800,0,0,0,0,0,0,0,0,0,10314,0,0,0,0,0,0,0,0,0,2058800,0,0,0,0,0,0,0,0,0,10314,14792,0,0,0,0,0,0,0,0,2250130,1959620,162972,128985,0,0,0,0,0
688521.SH,688521,20260325,92022000,0,0,0,0,0,,,0,0,0,0,0,2058800,2058800,0,0,0,0,0,0,0,0,0,10314,0,0,0,0,0,0,0,0,0,2058800,0,0,0,0,0,0,0,0,0,10314,14792,0,0,0,0,0,0,0,0,2250130,1961380,162972,133985,0,0,0,0,0
688521.SH,688521,20260325,92028000,0,0,0,0,0,,,0,0,0,0,0,2058800,2058800,0,0,0,0,0,0,0,0,0,11000,0,0,0,0,0,0,0,0,0,2058800,0,0,0,0,0,0,0,0,0,11000,14106,0,0,0,0,0,0,0,0,2247600,1961380,163658,133985,0,0,0,0,0
688521.SH,688521,20260325,92031000,0,0,0,0,0,,,0,0,0,0,0,2058800,2058800,0,0,0,0,0,0,0,0,0,11000,0,0,0,0,0,0,0,0,0,2058800,0,0,0,0,0,0,0,0,0,11000,14106,0,0,0,0,0,0,0,0,2247390,1961560,164058,134485,0,0,0,0,0
688521.SH,688521,20260325,92034000,0,0,0,0,0,,,0,0,0,0,0,2058800,2058800,0,0,0,0,0,0,0,0,0,11000,0,0,0,0,0,0,0,0,0,2058800,0,0,0,0,0,0,0,0,0,11000,14106,0,0,0,0,0,0,0,0,2248510,1961560,165402,134485,0,0,0,0,0
688521.SH,688521,20260325,92037000,0,0,0,0,0,,,0,0,0,0,0,2058800,2058800,0,0,0,0,0,0,0,0,0,11200,0,0,0,0,0,0,0,0,0,2058800,0,0,0,0,0,0,0,0,0,11200,13906,0,0,0,0,0,0,0,0,2247780,1961560,165602,134485,0,0,0,0,0
688521.SH,688521,20260325,92040000,0,0,0,0,0,,,0,0,0,0,0,2058800,2058800,0,0,0,0,0,0,0,0,0,13018,0,0,0,0,0,0,0,0,0,2058800,0,0,0,0,0,0,0,0,0,13018,12088,0,0,0,0,0,0,0,0,2243510,1961560,167820,134485,0,0,0,0,0
688521.SH,688521,20260325,92043000,0,0,0,0,0,,,0,0,0,0,0,2058800,2058800,0,0,0,0,0,0,0,0,0,13318,0,0,0,0,0,0,0,0,0,2058800,0,0,0,0,0,0,0,0,0,13318,11788,0,0,0,0,0,0,0,0,2242470,1961560,168120,134485,0,0,0,0,0
688521.SH,688521,20260325,92046000,0,0,0,0,0,,,0,0,0,0,0,2058800,2058800,0,0,0,0,0,0,0,0,0,13318,0,0,0,0,0,0,0,0,0,2058800,0,0,0,0,0,0,0,0,0,13318,11788,0,0,0,0,0,0,0,0,2242360,1961390,168420,134685,0,0,0,0,0
688521.SH,688521,20260325,92049000,0,0,0,0,0,,,0,0,0,0,0,2058800,2058800,0,0,0,0,0,0,0,0,0,13318,0,0,0,0,0,0,0,0,0,2058800,0,0,0,0,0,0,0,0,0,13318,11788,0,0,0,0,0,0,0,0,2242220,1961480,168620,135109,0,0,0,0,0
688521.SH,688521,20260325,92052000,0,0,0,0,0,,,0,0,0,0,0,2058800,2058800,0,0,0,0,0,0,0,0,0,13318,0,0,0,0,0,0,0,0,0,2058800,0,0,0,0,0,0,0,0,0,13318,11788,0,0,0,0,0,0,0,0,2242220,1961600,168620,135309,0,0,0,0,0
688521.SH,688521,20260325,92055000,0,0,0,0,0,,,0,0,0,0,0,2058800,2058800,0,0,0,0,0,0,0,0,0,13318,0,0,0,0,0,0,0,0,0,2058800,0,0,0,0,0,0,0,0,0,13318,14766,0,0,0,0,0,0,0,0,2242220,1964930,168620,138287,0,0,0,0,0
688521.SH,688521,20260325,92058000,0,0,0,0,0,,,0,0,0,0,0,2058800,2058800,0,0,0,0,0,0,0,0,0,13318,0,0,0,0,0,0,0,0,0,2058800,0,0,0,0,0,0,0,0,0,13318,14766,0,0,0,0,0,0,0,0,2242290,1964930,168840,138287,0,0,0,0,0
688521.SH,688521,20260325,92104000,0,0,0,0,0,,,0,0,0,0,0,2058800,2058800,0,0,0,0,0,0,0,0,0,13518,0,0,0,0,0,0,0,0,0,2058800,0,0,0,0,0,0,0,0,0,13518,14566,0,0,0,0,0,0,0,0,2241970,1965010,169240,138496,0,0,0,0,0
688521.SH,688521,20260325,92107000,0,0,0,0,0,,,0,0,0,0,0,2058800,2058800,0,0,0,0,0,0,0,0,0,13518,0,0,0,0,0,0,0,0,0,2058800,0,0,0,0,0,0,0,0,0,13518,14566,0,0,0,0,0,0,0,0,2241070,1965120,170240,138896,0,0,0,0,0
688521.SH,688521,20260325,92110000,0,0,0,0,0,,,0,0,0,0,0,2058800,2058800,0,0,0,0,0,0,0,0,0,13518,0,0,0,0,0,0,0,0,0,2058800,0,0,0,0,0,0,0,0,0,13518,14866,0,0,0,0,0,0,0,0,2241070,1965320,170240,139196,0,0,0,0,0
688521.SH,688521,20260325,92113000,0,0,0,0,0,,,0,0,0,0,0,2058800,2058800,0,0,0,0,0,0,0,0,0,13518,0,0,0,0,0,0,0,0,0,2058800,0,0,0,0,0,0,0,0,0,13518,14866,0,0,0,0,0,0,0,0,2241070,1965870,170240,140196,0,0,0,0,0
688521.SH,688521,20260325,92116000,0,0,0,0,0,,,0,0,0,0,0,2058800,2058800,0,0,0,0,0,0,0,0,0,13518,0,0,0,0,0,0,0,0,0,2058800,0,0,0,0,0,0,0,0,0,13518,14866,0,0,0,0,0,0,0,0,2241030,1968140,170740,148404,0,0,0,0,0
688521.SH,688521,20260325,92119000,0,0,0,0,0,,,0,0,0,0,0,2058800,2058800,0,0,0,0,0,0,0,0,0,13518,0,0,0,0,0,0,0,0,0,2058800,0,0,0,0,0,0,0,0,0,13518,15066,0,0,0,0,0,0,0,0,2241030,1968290,170740,148604,0,0,0,0,0
688521.SH,688521,20260325,92122000,0,0,0,0,0,,,0,0,0,0,0,2058800,2058800,0,0,0,0,0,0,0,0,0,13518,0,0,0,0,0,0,0,0,0,2058800,0,0,0,0,0,0,0,0,0,13518,15066,0,0,0,0,0,0,0,0,2241050,1968290,170960,148604,0,0,0,0,0
688521.SH,688521,20260325,92125000,0,0,0,0,0,,,0,0,0,0,0,2058800,2058800,0,0,0,0,0,0,0,0,0,13518,0,0,0,0,0,0,0,0,0,2058800,0,0,0,0,0,0,0,0,0,13518,15366,0,0,0,0,0,0,0,0,2241050,1968160,170960,150604,0,0,0,0,0
688521.SH,688521,20260325,92128000,0,0,0,0,0,,,0,0,0,0,0,2058800,2058800,0,0,0,0,0,0,0,0,0,13718,0,0,0,0,0,0,0,0,0,2058800,0,0,0,0,0,0,0,0,0,13718,15566,0,0,0,0,0,0,0,0,2240830,1968400,171160,151004,0,0,0,0,0
688521.SH,688521,20260325,92131000,0,0,0,0,0,,,0,0,0,0,0,2058800,2058800,0,0,0,0,0,0,0,0,0,13718,0,0,0,0,0,0,0,0,0,2058800,0,0,0,0,0,0,0,0,0,13718,15566,0,0,0,0,0,0,0,0,2252370,1968400,181160,151004,0,0,0,0,0
688521.SH,688521,20260325,92134000,0,0,0,0,0,,,0,0,0,0,0,2058800,2058800,0,0,0,0,0,0,0,0,0,13718,0,0,0,0,0,0,0,0,0,2058800,0,0,0,0,0,0,0,0,0,13718,15566,0,0,0,0,0,0,0,0,2252340,1971040,181360,160220,0,0,0,0,0
688521.SH,688521,20260325,92137000,0,0,0,0,0,,,0,0,0,0,0,2058800,2058800,0,0,0,0,0,0,0,0,0,14418,0,0,0,0,0,0,0,0,0,2058800,0,0,0,0,0,0,0,0,0,14418,14866,0,0,0,0,0,0,0,0,2250790,1971040,182460,160220,0,0,0,0,0
688521.SH,688521,20260325,92140000,0,0,0,0,0,,,0,0,0,0,0,2058800,2058800,0,0,0,0,0,0,0,0,0,15068,0,0,0,0,0,0,0,0,0,2058800,0,0,0,0,0,0,0,0,0,15068,14216,0,0,0,0,0,0,0,0,2249790,1971040,184045,160220,0,0,0,0,0
688521.SH,688521,20260325,92143000,0,0,0,0,0,,,0,0,0,0,0,2058800,2058800,0,0,0,0,0,0,0,0,0,15068,0,0,0,0,0,0,0,0,0,2058800,0,0,0,0,0,0,0,0,0,15068,14216,0,0,0,0,0,0,0,0,2249560,1971100,184445,160554,0,0,0,0,0
688521.SH,688521,20260325,92149000,0,0,0,0,0,,,0,0,0,0,0,2058800,2058800,0,0,0,0,0,0,0,0,0,15068,0,0,0,0,0,0,0,0,0,2058800,0,0,0,0,0,0,0,0,0,15068,14216,0,0,0,0,0,0,0,0,2249560,1971180,184445,161054,0,0,0,0,0
688521.SH,688521,20260325,92152000,0,0,0,0,0,,,0,0,0,0,0,2058800,2058800,0,0,0,0,0,0,0,0,0,16068,0,0,0,0,0,0,0,0,0,2058800,0,0,0,0,0,0,0,0,0,16068,13216,0,0,0,0,0,0,0,0,2247750,1971180,185645,161054,0,0,0,0,0
688521.SH,688521,20260325,92155000,0,0,0,0,0,,,0,0,0,0,0,2058800,2058800,0,0,0,0,0,0,0,0,0,16068,0,0,0,0,0,0,0,0,0,2058800,0,0,0,0,0,0,0,0,0,16068,14760,0,0,0,0,0,0,0,0,2248420,1971700,186664,163898,0,0,0,0,0
688521.SH,688521,20260325,92158000,0,0,0,0,0,,,0,0,0,0,0,2058800,2058800,0,0,0,0,0,0,0,0,0,16468,0,0,0,0,0,0,0,0,0,2058800,0,0,0,0,0,0,0,0,0,16468,16660,0,0,0,0,0,0,0,0,2248000,1973870,187264,167198,0,0,0,0,0
688521.SH,688521,20260325,92201000,0,0,0,0,0,,,0,0,0,0,0,2058800,2058800,0,0,0,0,0,0,0,0,0,16468,0,0,0,0,0,0,0,0,0,2058800,0,0,0,0,0,0,0,0,0,16468,17260,0,0,0,0,0,0,0,0,2248000,1974240,187264,168098,0,0,0,0,0
688521.SH,688521,20260325,92204000,0,0,0,0,0,,,0,0,0,0,0,2058800,2058800,0,0,0,0,0,0,0,0,0,16468,0,0,0,0,0,0,0,0,0,2058800,0,0,0,0,0,0,0,0,0,16468,17260,0,0,0,0,0,0,0,0,2247980,1974460,187664,169198,0,0,0,0,0
688521.SH,688521,20260325,92213000,0,0,0,0,0,,,0,0,0,0,0,2058800,2058800,0,0,0,0,0,0,0,0,0,16468,0,0,0,0,0,0,0,0,0,2058800,0,0,0,0,0,0,0,0,0,16468,17547,0,0,0,0,0,0,0,0,2249400,1975300,188873,169485,0,0,0,0,0
688521.SH,688521,20260325,92216000,0,0,0,0,0,,,0,0,0,0,0,2058800,2058800,0,0,0,0,0,0,0,0,0,16468,0,0,0,0,0,0,0,0,0,2058800,0,0,0,0,0,0,0,0,0,16468,17547,0,0,0,0,0,0,0,0,2249400,1975450,188873,170185,0,0,0,0,0
688521.SH,688521,20260325,92222000,0,0,0,0,0,,,0,0,0,0,0,2058800,2058800,0,0,0,0,0,0,0,0,0,16468,0,0,0,0,0,0,0,0,0,2058800,0,0,0,0,0,0,0,0,0,16468,18227,0,0,0,0,0,0,0,0,2249400,1975870,189273,170865,0,0,0,0,0
688521.SH,688521,20260325,92225000,0,0,0,0,0,,,0,0,0,0,0,2058800,2058800,0,0,0,0,0,0,0,0,0,18868,0,0,0,0,0,0,0,0,0,2058800,0,0,0,0,0,0,0,0,0,18868,15827,0,0,0,0,0,0,0,0,2241690,1975950,191873,171065,0,0,0,0,0
688521.SH,688521,20260325,92228000,0,0,0,0,0,,,0,0,0,0,0,2058800,2058800,0,0,0,0,0,0,0,0,0,18868,0,0,0,0,0,0,0,0,0,2058800,0,0,0,0,0,0,0,0,0,18868,15827,0,0,0,0,0,0,0,0,2241690,1975950,192073,171065,0,0,0,0,0
688521.SH,688521,20260325,92231000,0,0,0,0,0,,,0,0,0,0,0,2058800,2058800,0,0,0,0,0,0,0,0,0,19068,0,0,0,0,0,0,0,0,0,2058800,0,0,0,0,0,0,0,0,0,19068,15627,0,0,0,0,0,0,0,0,2241080,1975950,192273,171065,0,0,0,0,0
688521.SH,688521,20260325,92234000,0,0,0,0,0,,,0,0,0,0,0,2058800,2058800,0,0,0,0,0,0,0,0,0,19268,0,0,0,0,0,0,0,0,0,2058800,0,0,0,0,0,0,0,0,0,19268,16627,0,0,0,0,0,0,0,0,2240880,1976600,192473,172265,0,0,0,0,0
688521.SH,688521,20260325,92237000,0,0,0,0,0,,,0,0,0,0,0,2058800,2058800,0,0,0,0,0,0,0,0,0,19508,0,0,0,0,0,0,0,0,0,2058800,0,0,0,0,0,0,0,0,0,19508,16587,0,0,0,0,0,0,0,0,2240630,1976950,192713,173480,0,0,0,0,0
688521.SH,688521,20260325,92240000,0,0,0,0,0,,,0,0,0,0,0,2058800,2058800,0,0,0,0,0,0,0,0,0,20333,0,0,0,0,0,0,0,0,0,2058800,0,0,0,0,0,0,0,0,0,20333,15962,0,0,0,0,0,0,0,0,2238710,1977050,193538,173680,0,0,0,0,0
688521.SH,688521,20260325,92243000,0,0,0,0,0,,,0,0,0,0,0,2058800,2058800,0,0,0,0,0,0,0,0,0,20333,0,0,0,0,0,0,0,0,0,2058800,0,0,0,0,0,0,0,0,0,20333,15962,0,0,0,0,0,0,0,0,2238700,1977050,193938,173680,0,0,0,0,0
688521.SH,688521,20260325,92246000,0,0,0,0,0,,,0,0,0,0,0,2058800,2058800,0,0,0,0,0,0,0,0,0,20333,0,0,0,0,0,0,0,0,0,2058800,0,0,0,0,0,0,0,0,0,20333,17978,0,0,0,0,0,0,0,0,2238740,1978230,194478,175696,0,0,0,0,0
688521.SH,688521,20260325,92249000,0,0,0,0,0,,,0,0,0,0,0,2058800,2058800,0,0,0,0,0,0,0,0,0,20333,0,0,0,0,0,0,0,0,0,2058800,0,0,0,0,0,0,0,0,0,20333,18378,0,0,0,0,0,0,0,0,2238740,1978410,194478,176096,0,0,0,0,0
688521.SH,688521,20260325,92252000,0,0,0,0,0,,,0,0,0,0,0,2058800,2058800,0,0,0,0,0,0,0,0,0,20609,0,0,0,0,0,0,0,0,0,2058800,0,0,0,0,0,0,0,0,0,20609,18302,0,0,0,0,0,0,0,0,2238480,1978500,194954,176296,0,0,0,0,0
688521.SH,688521,20260325,92255000,0,0,0,0,0,,,0,0,0,0,0,2058800,2058800,0,0,0,0,0,0,0,0,0,20809,0,0,0,0,0,0,0,0,0,2058800,0,0,0,0,0,0,0,0,0,20809,18702,0,0,0,0,0,0,0,0,2238260,1978790,195354,177196,0,0,0,0,0
688521.SH,688521,20260325,92258000,0,0,0,0,0,,,0,0,0,0,0,2058800,2058800,0,0,0,0,0,0,0,0,0,20809,0,0,0,0,0,0,0,0,0,2058800,0,0,0,0,0,0,0,0,0,20809,35184,0,0,0,0,0,0,0,0,2237830,1985600,195854,193678,0,0,0,0,0
688521.SH,688521,20260325,92301000,0,0,0,0,0,,,0,0,0,0,0,2058800,2058800,0,0,0,0,0,0,0,0,0,20809,0,0,0,0,0,0,0,0,0,2058800,0,0,0,0,0,0,0,0,0,20809,37236,0,0,0,0,0,0,0,0,2237550,1986350,196264,196130,0,0,0,0,0
688521.SH,688521,20260325,92304000,0,0,0,0,0,,,0,0,0,0,0,2058800,2058800,0,0,0,0,0,0,0,0,0,20809,0,0,0,0,0,0,0,0,0,2058800,0,0,0,0,0,0,0,0,0,20809,37236,0,0,0,0,0,0,0,0,2237440,1986300,196692,196530,0,0,0,0,0
688521.SH,688521,20260325,92307000,0,0,0,0,0,,,0,0,0,0,0,2058800,2058800,0,0,0,0,0,0,0,0,0,20809,0,0,0,0,0,0,0,0,0,2058800,0,0,0,0,0,0,0,0,0,20809,37636,0,0,0,0,0,0,0,0,2237450,1986190,196892,206947,0,0,0,0,0
688521.SH,688521,20260325,92310000,0,0,0,0,0,,,0,0,0,0,0,2058800,2058800,0,0,0,0,0,0,0,0,0,21209,0,0,0,0,0,0,0,0,0,2058800,0,0,0,0,0,0,0,0,0,21209,38736,0,0,0,0,0,0,0,0,2236260,1986770,197292,208647,0,0,0,0,0
688521.SH,688521,20260325,92313000,0,0,0,0,0,,,0,0,0,0,0,2058800,2058800,0,0,0,0,0,0,0,0,0,21209,0,0,0,0,0,0,0,0,0,2058800,0,0,0,0,0,0,0,0,0,21209,39016,0,0,0,0,0,0,0,0,2236110,1987420,197492,208927,0,0,0,0,0
688521.SH,688521,20260325,92316000,0,0,0,0,0,,,0,0,0,0,0,2058800,2058800,0,0,0,0,0,0,0,0,0,21709,0,0,0,0,0,0,0,0,0,2058800,0,0,0,0,0,0,0,0,0,21709,38716,0,0,0,0,0,0,0,0,2235650,1987530,197992,209827,0,0,0,0,0
688521.SH,688521,20260325,92319000,0,0,0,0,0,,,0,0,0,0,0,2058800,2058800,0,0,0,0,0,0,0,0,0,21709,0,0,0,0,0,0,0,0,0,2058800,0,0,0,0,0,0,0,0,0,21709,40016,0,0,0,0,0,0,0,0,2235260,1987960,198792,211127,0,0,0,0,0
688521.SH,688521,20260325,92322000,0,0,0,0,0,,,0,0,0,0,0,2058800,2070000,0,0,0,0,0,0,0,0,0,22267,0,0,0,0,0,0,0,0,0,2070000,0,0,0,0,0,0,0,0,0,22267,1546,0,0,0,0,0,0,0,0,2234490,1992050,199050,222427,0,0,0,0,0
688521.SH,688521,20260325,92325000,0,0,0,0,0,,,0,0,0,0,0,2058800,2070000,0,0,0,0,0,0,0,0,0,22467,0,0,0,0,0,0,0,0,0,2070000,0,0,0,0,0,0,0,0,0,22467,1346,0,0,0,0,0,0,0,0,2234140,1992080,199750,222827,0,0,0,0,0
688521.SH,688521,20260325,92328000,0,0,0,0,0,,,0,0,0,0,0,2058800,2070000,0,0,0,0,0,0,0,0,0,22467,0,0,0,0,0,0,0,0,0,2070000,0,0,0,0,0,0,0,0,0,22467,1346,0,0,0,0,0,0,0,0,2234380,1991490,199950,223717,0,0,0,0,0
688521.SH,688521,20260325,92331000,0,0,0,0,0,,,0,0,0,0,0,2058800,2070000,0,0,0,0,0,0,0,0,0,22667,0,0,0,0,0,0,0,0,0,2070000,0,0,0,0,0,0,0,0,0,22667,1146,0,0,0,0,0,0,0,0,2233660,1991490,202150,223717,0,0,0,0,0
688521.SH,688521,20260325,92334000,0,0,0,0,0,,,0,0,0,0,0,2058800,2070000,0,0,0,0,0,0,0,0,0,23072,0,0,0,0,0,0,0,0,0,2070000,0,0,0,0,0,0,0,0,0,23072,6041,0,0,0,0,0,0,0,0,2233310,1993320,202555,231417,0,0,0,0,0
688521.SH,688521,20260325,92337000,0,0,0,0,0,,,0,0,0,0,0,2058800,2070000,0,0,0,0,0,0,0,0,0,23495,0,0,0,0,0,0,0,0,0,2070000,0,0,0,0,0,0,0,0,0,23495,7018,0,0,0,0,0,0,0,0,2232390,1994210,203178,233017,0,0,0,0,0
688521.SH,688521,20260325,92340000,0,0,0,0,0,,,0,0,0,0,0,2058800,2070000,0,0,0,0,0,0,0,0,0,23495,0,0,0,0,0,0,0,0,0,2070000,0,0,0,0,0,0,0,0,0,23495,7018,0,0,0,0,0,0,0,0,2232150,1994210,204478,233017,0,0,0,0,0
688521.SH,688521,20260325,92343000,0,0,0,0,0,,,0,0,0,0,0,2058800,2070000,0,0,0,0,0,0,0,0,0,24095,0,0,0,0,0,0,0,0,0,2070000,0,0,0,0,0,0,0,0,0,24095,7718,0,0,0,0,0,0,0,0,2231640,1994680,205578,234317,0,0,0,0,0
688521.SH,688521,20260325,92346000,0,0,0,0,0,,,0,0,0,0,0,2058800,2070000,0,0,0,0,0,0,0,0,0,24095,0,0,0,0,0,0,0,0,0,2070000,0,0,0,0,0,0,0,0,0,24095,9418,0,0,0,0,0,0,0,0,2231550,1995420,205778,236217,0,0,0,0,0
688521.SH,688521,20260325,92349000,0,0,0,0,0,,,0,0,0,0,0,2058800,2070000,0,0,0,0,0,0,0,0,0,24480,0,0,0,0,0,0,0,0,0,2070000,0,0,0,0,0,0,0,0,0,24480,10283,0,0,0,0,0,0,0,0,2231490,1995970,207467,237467,0,0,0,0,0
688521.SH,688521,20260325,92352000,0,0,0,0,0,,,0,0,0,0,0,2058800,2070000,0,0,0,0,0,0,0,0,0,25080,0,0,0,0,0,0,0,0,0,2070000,0,0,0,0,0,0,0,0,0,25080,14444,0,0,0,0,0,0,0,0,2230860,1998030,208367,242428,0,0,0,0,0
688521.SH,688521,20260325,92355000,0,0,0,0,0,,,0,0,0,0,0,2058800,2070000,0,0,0,0,0,0,0,0,0,33080,0,0,0,0,0,0,0,0,0,2070000,0,0,0,0,0,0,0,0,0,33080,6644,0,0,0,0,0,0,0,0,2224440,1998090,216567,242628,0,0,0,0,0
688521.SH,688521,20260325,92358000,0,0,0,0,0,,,0,0,0,0,0,2058800,2070000,0,0,0,0,0,0,0,0,0,33080,0,0,0,0,0,0,0,0,0,2070000,0,0,0,0,0,0,0,0,0,33080,8156,0,0,0,0,0,0,0,0,2224540,1998670,217467,244140,0,0,0,0,0
688521.SH,688521,20260325,92401000,0,0,0,0,0,,,0,0,0,0,0,2058800,2070000,0,0,0,0,0,0,0,0,0,33471,0,0,0,0,0,0,0,0,0,2070000,0,0,0,0,0,0,0,0,0,33471,12225,0,0,0,0,0,0,0,0,2223160,2000860,219058,249400,0,0,0,0,0
688521.SH,688521,20260325,92404000,0,0,0,0,0,,,0,0,0,0,0,2058800,2070000,0,0,0,0,0,0,0,0,0,33871,0,0,0,0,0,0,0,0,0,2070000,0,0,0,0,0,0,0,0,0,33871,12425,0,0,0,0,0,0,0,0,2222390,2001020,220744,250000,0,0,0,0,0
688521.SH,688521,20260325,92407000,0,0,0,0,0,,,0,0,0,0,0,2058800,2070000,0,0,0,0,0,0,0,0,0,34071,0,0,0,0,0,0,0,0,0,2070000,0,0,0,0,0,0,0,0,0,34071,15525,0,0,0,0,0,0,0,0,2222240,2001930,221144,253300,0,0,0,0,0
688521.SH,688521,20260325,92410000,0,0,0,0,0,,,0,0,0,0,0,2058800,2070000,0,0,0,0,0,0,0,0,0,34371,0,0,0,0,0,0,0,0,0,2070000,0,0,0,0,0,0,0,0,0,34371,16825,0,0,0,0,0,0,0,0,2221960,2002400,221844,254900,0,0,0,0,0
688521.SH,688521,20260325,92413000,0,0,0,0,0,,,0,0,0,0,0,2058800,2070000,0,0,0,0,0,0,0,0,0,34719,0,0,0,0,0,0,0,0,0,2070000,0,0,0,0,0,0,0,0,0,34719,17477,0,0,0,0,0,0,0,0,2222040,2002670,223247,255900,0,0,0,0,0
688521.SH,688521,20260325,92416000,0,0,0,0,0,,,0,0,0,0,0,2058800,2070000,0,0,0,0,0,0,0,0,0,35719,0,0,0,0,0,0,0,0,0,2070000,0,0,0,0,0,0,0,0,0,35719,17577,0,0,0,0,0,0,0,0,2221280,2003650,224412,257600,0,0,0,0,0
688521.SH,688521,20260325,92419000,0,0,0,0,0,,,0,0,0,0,0,2058800,2070000,0,0,0,0,0,0,0,0,0,38919,0,0,0,0,0,0,0,0,0,2070000,0,0,0,0,0,0,0,0,0,38919,19277,0,0,0,0,0,0,0,0,2219030,2005160,228064,262500,0,0,0,0,0
688521.SH,688521,20260325,92422000,0,0,0,0,0,,,0,0,0,0,0,2058800,2080000,0,0,0,0,0,0,0,0,0,41360,85,0,0,0,0,0,0,0,0,2080000,0,0,0,0,0,0,0,0,0,41360,0,0,0,0,0,0,0,0,0,2217640,2013430,231590,270700,0,0,0,0,0
688521.SH,688521,20260325,92425000,0,0,0,0,0,,,0,0,0,0,0,2058800,2078100,0,0,0,0,0,0,0,0,0,42645,0,0,0,0,0,0,0,0,0,2078100,0,0,0,0,0,0,0,0,0,42645,746,0,0,0,0,0,0,0,0,2216500,2013480,234390,272519,0,0,0,0,0
688521.SH,688521,20260325,92428000,0,0,0,0,0,,,0,0,0,0,0,2058800,2075000,0,0,0,0,0,0,0,0,0,43791,154,0,0,0,0,0,0,0,0,2075000,0,0,0,0,0,0,0,0,0,43791,0,0,0,0,0,0,0,0,0,2214750,2013630,237095,275319,0,0,0,0,0
688521.SH,688521,20260325,92431000,0,0,0,0,0,,,0,0,0,0,0,2058800,2080000,0,0,0,0,0,0,0,0,0,46153,0,0,0,0,0,0,0,0,0,2080000,0,0,0,0,0,0,0,0,0,46153,3625,0,0,0,0,0,0,0,0,2213660,2015530,238235,282668,0,0,0,0,0
688521.SH,688521,20260325,92434000,0,0,0,0,0,,,0,0,0,0,0,2058800,2080000,0,0,0,0,0,0,0,0,0,46353,0,0,0,0,0,0,0,0,0,2080000,0,0,0,0,0,0,0,0,0,46353,3925,0,0,0,0,0,0,0,0,2214290,2015500,239862,283568,0,0,0,0,0
688521.SH,688521,20260325,92437000,0,0,0,0,0,,,0,0,0,0,0,2058800,2080000,0,0,0,0,0,0,0,0,0,50478,153,0,0,0,0,0,0,0,0,2080000,0,0,0,0,0,0,0,0,0,50478,0,0,0,0,0,0,0,0,0,2212150,2015520,245107,284268,0,0,0,0,0
688521.SH,688521,20260325,92440000,0,0,0,0,0,,,0,0,0,0,0,2058800,2080000,0,0,0,0,0,0,0,0,0,51031,0,0,0,0,0,0,0,0,0,2080000,0,0,0,0,0,0,0,0,0,51031,1708,0,0,0,0,0,0,0,0,2211630,2016230,246707,286829,0,0,0,0,0
688521.SH,688521,20260325,92443000,0,0,0,0,0,,,0,0,0,0,0,2058800,2080000,0,0,0,0,0,0,0,0,0,54100,0,0,0,0,0,0,0,0,0,2080000,0,0,0,0,0,0,0,0,0,54100,4027,0,0,0,0,0,0,0,0,2209050,2017540,249976,292417,0,0,0,0,0
688521.SH,688521,20260325,92446000,0,0,0,0,0,,,0,0,0,0,0,2058800,2078800,0,0,0,0,0,0,0,0,0,62432,35,0,0,0,0,0,0,0,0,2078800,0,0,0,0,0,0,0,0,0,62432,0,0,0,0,0,0,0,0,0,2201910,2018660,263076,297322,0,0,0,0,0
688521.SH,688521,20260325,92449000,0,0,0,0,0,,,0,0,0,0,0,2058800,2070000,0,0,0,0,0,0,0,0,0,72693,0,0,0,0,0,0,0,0,0,2070000,0,0,0,0,0,0,0,0,0,72693,18938,0,0,0,0,0,0,0,0,2189130,2019380,287943,300985,0,0,0,0,0
688521.SH,688521,20260325,92452000,0,0,0,0,0,,,0,0,0,0,0,2058800,2080000,0,0,0,0,0,0,0,0,0,97721,0,0,0,0,0,0,0,0,0,2080000,0,0,0,0,0,0,0,0,0,97721,10528,0,0,0,0,0,0,0,0,2186490,2028180,302797,343632,0,0,0,0,0
688521.SH,688521,20260325,92455000,0,0,0,0,0,,,0,0,0,0,0,2058800,2080000,0,0,0,0,0,0,0,0,0,105353,0,0,0,0,0,0,0,0,0,2080000,0,0,0,0,0,0,0,0,0,105353,35212,0,0,0,0,0,0,0,0,2183660,2032860,311329,377148,0,0,0,0,0
688521.SH,688521,20260325,92458000,0,0,0,0,0,,,0,0,0,0,0,2058800,2080000,0,0,0,0,0,0,0,0,0,120259,0,0,0,0,0,0,0,0,0,2080000,0,0,0,0,0,0,0,0,0,120259,39806,0,0,0,0,0,0,0,0,2177310,2038250,328335,396848,0,0,0,0,0
688521.SH,688521,20260325,92501000,0,0,0,0,0,,,0,0,0,0,0,2058800,2082000,0,0,0,0,0,0,0,0,0,124756,0,0,0,0,0,0,0,0,0,2082000,0,0,0,0,0,0,0,0,0,124756,6838,0,0,0,0,0,0,0,0,2175980,2045780,332732,436285,0,0,0,0,0
688521.SH,688521,20260325,92504000,2082000,0,0,237,0,,,124756,25974199,2082000,2082000,2082000,2058800,2082600,2085000,2086900,2088800,2089900,2090000,2092000,2093000,2093900,2095000,200,317,200,1000,200,600,200,300,361,200,2082000,2081000,2080500,2080400,2080300,2080200,2080100,2080000,2078900,2078100,6838,200,200,590,400,1951,200,63067,293,1162,2274050,2008470,207976,311529,0,0,0,0,0
688521.SH,688521,20260325,93001000,2092300,0,0,248,0,,,127873,26625308,2093000,2082000,2082000,2058800,2093000,2093900,2095000,2095100,2095500,2095900,2097900,2098000,2098400,2098800,100,361,200,637,200,151,200,400,200,832,2092300,2092000,2090300,2090000,2087200,2085000,2082600,2082000,2081000,2080500,777,2063,8198,6774,700,5835,300,6838,200,200,2271740,2017830,211059,353376,0,0,0,0,0
688521.SH,688521,20260325,93004000,2090000,0,0,275,0,,,143066,29801839,2093000,2082000,2082000,2058800,2092000,2093000,2093900,2094600,2095000,2095100,2095500,2095900,2097900,2098000,172,100,361,600,200,637,200,151,200,700,2090000,2089900,2088800,2087200,2086900,2085000,2084700,2083600,2083000,2082700,25298,500,600,700,200,78513,1134,800,800,407,2269510,2033480,238534,460893,0,0,0,0,0
688521.SH,688521,20260325,93007000,2100000,0,0,342,0,,,165931,34599349,2100900,2082000,2082000,2058800,2101700,2102600,2104000,2104900,2105000,2106200,2106800,2107700,2108500,2108800,200,200,200,200,774,500,200,200,200,2500,2100000,2095500,2095100,2094200,2093000,2092500,2090000,2089900,2088800,2087200,12668,200,564,393,1600,200,32390,700,2600,700,2284390,2037550,233527,500919,0,0,0,0,0
688521.SH,688521,20260325,93010000,2100000,0,0,383,0,,,181890,37950799,2102600,2082000,2082000,2058800,2102600,2104000,2104900,2105000,2106200,2106800,2107700,2108000,2108500,2108800,100,200,200,774,500,200,200,1,200,2500,2100000,2095900,2095500,2095100,2094200,2094000,2093900,2093100,2093000,2092500,5545,200,200,2212,393,400,1200,400,2750,1364,2272150,2040680,271778,546716,0,0,0,0,0
688521.SH,688521,20260325,93013000,2093000,0,0,458,0,,,201734,42110805,2102600,2082000,2082000,2058800,2099900,2100000,2102600,2104000,2104900,2105000,2106200,2106800,2107700,2108000,500,200,100,200,200,774,500,200,200,1,2093000,2092500,2092400,2092300,2092100,2092000,2091300,2090200,2090000,2089900,1816,1564,760,200,2764,4784,205,269,39375,700,2270660,2041930,284956,577907,0,0,0,0,0
688521.SH,688521,20260325,93016000,2099900,0,0,537,0,,,226983,47398400,2102600,2082000,2082000,2058800,2099900,2100000,2102000,2102600,2104000,2104900,2105000,2106200,2106800,2107700,14120,14200,200,100,200,200,574,500,200,200,2095000,2092300,2092000,2090200,2090000,2089900,2089000,2088800,2088000,2087200,5,223,4784,269,39875,700,5406,3450,200,700,2257710,2042020,327596,587644,0,0,0,0,0
688521.SH,688521,20260325,93019000,2093400,0,0,607,0,,,253112,52866185,2102600,2082000,2082000,2058800,2093400,2094800,2099900,2100000,2102000,2102200,2102600,2102800,2104000,2104900,754,382,12011,16100,200,200,100,200,200,200,2092000,2090000,2089900,2089000,2088800,2088000,2087200,2087000,2086900,2086000,4180,34627,700,5406,6650,200,700,300,2300,800,2255640,2041970,341742,600889,0,0,0,0,0
688521.SH,688521,20260325,93022000,2100000,0,0,674,0,,,283674,59273668,2102600,2082000,2082000,2058800,2100000,2102000,2102200,2102600,2102800,2104000,2104600,2104900,2105000,2106000,11754,200,200,100,200,200,400,200,574,300,2092000,2091400,2090000,2089900,2089000,2088800,2088000,2087200,2087000,2086900,9774,239,39374,1477,5406,6650,200,700,300,2300,2263530,2043720,334431,628125,0,0,0,0,0
688521.SH,688521,20260325,93025000,2102600,0,0,741,0,,,308037,64384182,2102600,2082000,2082000,2058800,2102800,2104000,2104600,2104900,2105000,2105700,2106000,2106400,2106700,2106800,200,200,1006,200,574,265,300,200,800,200,2102600,2101700,2100000,2095000,2092000,2091400,2090000,2089900,2089000,2088800,1169,231,14379,467,12347,239,49574,1877,3686,6650,2269840,2046600,340303,678838,0,0,0,0,0
688521.SH,688521,20260325,93028000,2100000,0,0,790,0,,,334753,69996050,2104600,2082000,2082000,2058800,2102600,2104600,2104900,2105000,2105700,2106000,2106100,2106400,2106700,2106800,200,200,200,574,265,300,300,200,800,200,2100000,2099900,2095500,2095000,2094800,2093900,2093500,2093400,2093100,2093000,4026,2368,327,1134,726,200,568,600,200,400,2264990,2043170,355523,628128,0,0,0,0,0
688521.SH,688521,20260325,93031000,2102600,0,0,817,0,,,349504,73094125,2104600,2082000,2082000,2058800,2104000,2104600,2104900,2105000,2106000,2106100,2106400,2106700,2106800,2107100,400,681,200,574,300,700,200,800,400,1800,2100100,2100000,2099900,2097000,2095000,2094800,2093900,2093500,2093400,2093100,2436,3089,2368,200,1334,2987,200,568,1204,200,2262770,2044200,360819,644288,0,0,0,0,0
688521.SH,688521,20260325,93034000,2102600,0,0,949,0,,,406859,85206524,2120000,2082000,2082000,2058800,2102700,2107200,2120000,2121100,2122000,2122200,2123600,2124400,2125000,2125600,214,220,5650,400,600,200,200,400,1770,1900,2102600,2102200,2100300,2100100,2100000,2099900,2099000,2095000,2094800,2093900,4215,6145,966,2336,12574,2768,2231,1801,2987,200,2272090,2046700,342553,680266,0,0,0,0,0
688521.SH,688521,20260325,93037000,2100000,0,0,1035,0,,,442314,92659554,2120000,2082000,2082000,2058800,2102600,2104900,2110000,2120000,2121100,2122000,2122200,2123600,2124400,2125000,5050,1300,100,6293,400,600,200,200,400,1770,2101700,2100000,2099900,2099000,2095500,2095300,2095000,2094800,2094300,2093900,200,5948,3053,3951,564,4287,1601,2461,216,200,2266460,2046790,361457,692356,0,0,0,0,0
688521.SH,688521,20260325,93040000,2108600,0,0,1104,0,,,466257,97696798,2120000,2082000,2082000,2058800,2108800,2110000,2120000,2121100,2122000,2122200,2123600,2124400,2125000,2125600,4840,100,6693,400,600,200,200,400,1300,1900,2108600,2106000,2104200,2104100,2104000,2102800,2102600,2102000,2101300,2100100,687,220,200,1082,2480,1985,200,684,238,600,2267500,2046840,361842,692782,0,0,0,0,0
688521.SH,688521,20260325,93043000,2102800,0,0,1212,0,,,500724,104972955,2122000,2082000,2082000,2058800,2104000,2107200,2122000,2122200,2123600,2124400,2125000,2125600,2125800,2126000,1100,300,233,200,200,400,1300,1900,3575,200,2103000,2102800,2102700,2102600,2102000,2101300,2100100,2100000,2099900,2099100,3000,25708,5465,10187,684,238,988,5146,7044,220,2272650,2049010,354182,728834,0,0,0,0,0
688521.SH,688521,20260325,93046000,2108900,0,0,1288,0,,,531651,111481336,2122000,2082000,2082000,2058800,2110000,2119900,2120000,2122000,2122200,2123600,2124400,2125000,2125600,2125800,91,200,400,233,200,500,400,1300,1900,3575,2108900,2108800,2105000,2104000,2103700,2102900,2102800,2102700,2102600,2102000,523,2954,20000,701,238,200,16254,5087,8931,684,2271980,2049880,361129,738884,0,0,0,0,0
688521.SH,688521,20260325,93049000,2110000,0,0,1338,0,,,555579,116528277,2122000,2082000,2082000,2058800,2119900,2120000,2122000,2122200,2123600,2124400,2125000,2125600,2125800,2126000,200,802,233,200,500,400,1300,1900,3575,200,2110000,2108800,2105300,2105100,2105000,2104900,2104700,2104200,2104100,2104000,4599,1007,600,200,16666,200,349,1000,1400,10938,2271450,2051490,363290,761832,0,0,0,0,0
688521.SH,688521,20260325,93052000,2111400,0,0,1376,0,,,572592,120120491,2122000,2082000,2082000,2058800,2118000,2120000,2122000,2122200,2122600,2123600,2124400,2125000,2125600,2125800,300,302,233,200,200,500,400,1300,1900,3575,2111400,2110100,2110000,2109000,2108800,2107900,2105000,2104900,2104700,2104300,11399,764,38804,12000,4249,229,16866,800,349,300,2271250,2054970,365118,799106,0,0,0,0,0
688521.SH,688521,20260325,93055000,2123600,0,0,1437,0,,,603642,126685330,2123600,2082000,2082000,2058800,2124400,2125000,2125600,2125800,2126000,2126600,2128400,2128800,2129200,2129400,400,1300,1900,3575,200,200,200,200,200,200,2123600,2120000,2115000,2112100,2110000,2109000,2108800,2108700,2108600,2107900,3267,2222,200,559,44430,13300,16683,1500,309,229,2271910,2055610,366783,805313,0,0,0,0,0
688521.SH,688521,20260325,93058000,2122200,0,0,1496,0,,,622162,130613908,2125000,2082000,2082000,2058800,2125000,2125600,2125800,2126000,2126600,2128400,2128800,2129200,2129400,2129900,1237,1900,3575,200,200,200,200,200,200,200,2122200,2115000,2113000,2112700,2112100,2111800,2111400,2110400,2110100,2110000,85,8,800,400,559,1565,463,9335,200,43852,2268840,2053960,376591,777238,0,0,0,0,0
688521.SH,688521,20260325,93101000,2123600,0,0,1591,0,,,649161,136336561,2125000,2082000,2082000,2058800,2124300,2124400,2125000,2125600,2125800,2126000,2126600,2128400,2128800,2129200,1601,200,937,1900,3575,200,200,200,200,200,2123600,2122600,2120000,2119900,2113100,2111800,2111400,2110100,2110000,2109100,684,111,2444,2190,200,200,200,200,51189,200,2267560,2052770,380983,747494,0,0,0,0,0
688521.SH,688521,20260325,93104000,2125000,0,0,1727,0,,,695866,146265078,2130000,2082000,2082000,2058800,2130000,2130500,2130600,2131800,2132000,2132200,2133000,2133300,2134100,2135000,4487,300,183,200,200,200,300,633,100,317,2125000,2124400,2124300,2123700,2122600,2122200,2120000,2119900,2118400,2118000,1957,2301,4836,200,2016,1300,2580,1191,200,3068,2273830,2053660,365350,756460,0,0,0,0,0
688521.SH,688521,20260325,93107000,2130000,0,0,1807,0,,,719524,151300327,2130000,2082000,2082000,2058800,2130500,2130600,2131800,2132000,2132200,2133000,2133300,2134100,2135000,2136000,300,183,200,200,200,300,633,100,317,700,2130000,2128800,2126000,2125800,2125000,2124400,2124300,2123700,2123600,2122600,6404,272,12687,991,19052,5024,5965,200,700,2757,2275650,2057120,362079,785649,0,0,0,0,0
688521.SH,688521,20260325,93110000,2130600,0,0,1886,0,,,751076,158017228,2132600,2082000,2082000,2058800,2133000,2133300,2134100,2135000,2136000,2137800,2138800,2138900,2139700,2139900,300,633,100,317,700,200,706,259,300,200,2130600,2130500,2130000,2126000,2125800,2125000,2124500,2124400,2124300,2124000,399,10166,1095,2152,991,27985,2000,3269,3759,2209,2275950,2057150,361996,768321,0,0,0,0,0
688521.SH,688521,20260325,93113000,2133300,0,0,1996,0,,,769457,161934733,2135100,2082000,2082000,2058800,2136000,2137800,2138800,2138900,2139700,2139900,2140000,2140700,2142600,2143900,700,200,706,259,300,200,4000,200,200,500,2133300,2133100,2133000,2130500,2130300,2130100,2130000,2129100,2129000,2126000,614,200,1100,4887,218,200,24784,301,1504,2152,2275840,2059190,367244,785163,0,0,0,0,0
688521.SH,688521,20260325,93116000,2133000,0,0,2088,0,,,802975,169092418,2140700,2082000,2082000,2058800,2138000,2142600,2143000,2143900,2144400,2145000,2146000,2146600,2146800,2148000,200,200,300,500,609,200,200,400,200,1800,2133000,2132000,2130600,2130500,2130300,2130100,2130000,2129900,2129200,2129100,2531,200,946,8393,218,600,16671,200,2237,383,2282190,2055950,368837,731568,0,0,0,0,0
688521.SH,688521,20260325,93119000,2136000,0,0,2143,0,,,824689,173729603,2140700,2082000,2082000,2058800,2137900,2138000,2138800,2139000,2140000,2142600,2143000,2143900,2144400,2145000,7523,4815,200,400,200,200,300,500,609,400,2136000,2135000,2133000,2132600,2132300,2131800,2131000,2130600,2130500,2130100,3297,200,5286,200,2584,200,1600,946,8393,600,2275830,2055410,386793,720755,0,0,0,0,0
688521.SH,688521,20260325,93122000,2135000,0,0,2289,0,,,867383,182848254,2140700,2082000,2082000,2058800,2136000,2136400,2137600,2137800,2137900,2138000,2138800,2139000,2139900,2140000,17153,400,500,2094,200,2778,200,400,100,1037,2135000,2133000,2132600,2131800,2131000,2130600,2130500,2130200,2130100,2130000,171,6003,200,200,6600,946,7246,7300,600,11339,2270600,2053510,402199,698961,0,0,0,0,0
688521.SH,688521,20260325,93125000,2138000,0,0,2513,0,,,925803,195323598,2140700,2082000,2082000,2058800,2138800,2139000,2139900,2140000,2142600,2143000,2143900,2144400,2145000,2146000,600,600,100,1437,400,300,500,1009,800,400,2138000,2135000,2134000,2133000,2131000,2130600,2130500,2130100,2130000,2129900,6468,380,451,499,6549,946,7046,200,10644,200,2277800,2052310,382174,677698,0,0,0,0,0
688521.SH,688521,20260325,93128000,2138000,0,0,2605,0,,,953374,201215178,2140700,2082000,2082000,2058800,2138000,2138700,2138800,2139000,2139900,2140000,2140700,2142600,2143000,2143800,446,7345,600,600,100,1637,200,400,300,1000,2137000,2133000,2131400,2131000,2130600,2130500,2130000,2125800,2125200,2125000,2381,1000,1000,6549,946,5534,10444,277,300,13088,2275150,2051620,393711,671548,0,0,0,0,0
688521.SH,688521,20260325,93131000,2133600,0,0,2703,0,,,982822,207505666,2140700,2082000,2082000,2058800,2134900,2136100,2136300,2136700,2137000,2137900,2138000,2138700,2138800,2139000,552,100,200,745,1400,5591,9682,2223,800,600,2131400,2131000,2130500,2130000,2128400,2125800,2125200,2125000,2124400,2124300,400,6549,5534,10644,470,277,300,12888,608,21500,2268200,2050470,413566,660414,0,0,0,0,0
688521.SH,688521,20260325,93134000,2133000,0,0,2741,0,,,991709,209401743,2140700,2082000,2082000,2058800,2133000,2134800,2134900,2135000,2136300,2137000,2137400,2137600,2137900,2138000,325,200,1505,935,200,5414,200,200,1063,10960,2131000,2130500,2130000,2125800,2125200,2125000,2124400,2124300,2124000,2123600,4300,4389,10644,277,300,12888,608,21000,471,400,2265490,2049810,424026,653852,0,0,0,0,0
688521.SH,688521,20260325,93137000,2140000,0,0,2921,0,,,1054107,222737392,2140700,2082000,2082000,2058800,2140700,2141800,2142000,2142600,2142900,2143000,2143800,2143900,2144400,2145000,200,200,5135,800,200,300,1000,500,1702,1500,2140000,2139900,2138800,2138000,2137000,2136700,2134900,2133000,2131000,2130500,12392,200,4000,1000,200,200,2917,6865,1000,4189,2273590,2050550,400660,655055,0,0,0,0,0
688521.SH,688521,20260325,93140000,2140900,0,0,2979,0,,,1073049,226792016,2142000,2082000,2082000,2058800,2142000,2142600,2142900,2143000,2143800,2143900,2144400,2145000,2146000,2146600,2989,800,200,300,1000,500,1702,1500,400,400,2140900,2140800,2140700,2140000,2139900,2139000,2138800,2138000,2137000,2136700,588,600,3426,2942,200,4641,4000,1600,200,200,2273980,2051690,400459,663050,0,0,0,0,0
688521.SH,688521,20260325,93143000,2143800,0,0,3027,0,,,1091883,230827350,2143800,2082000,2082000,2058800,2143900,2144100,2144400,2145000,2146000,2146600,2146700,2146800,2148000,2148300,500,500,1702,1500,400,400,200,400,1600,200,2143800,2142200,2142100,2142000,2141000,2140900,2140800,2140700,2140000,2139900,3667,2200,3200,38030,200,800,600,10007,3142,6848,2275300,2058490,396683,715856,0,0,0,0,0
688521.SH,688521,20260325,93146000,2146000,0,0,3081,0,,,1105146,233671603,2146000,2082000,2082000,2058800,2146600,2146700,2146800,2148000,2148300,2148600,2148800,2148900,2149000,2149400,400,200,400,600,200,1000,500,200,200,1944,2146000,2144400,2144200,2144100,2143900,2143800,2142900,2142500,2142200,2142000,3700,200,600,13360,18590,3867,3000,200,2200,37499,2275470,2062950,396781,753634,0,0,0,0,0
688521.SH,688521,20260325,93149000,2146600,0,0,3130,0,,,1116522,236114137,2149000,2082000,2082000,2058800,2149400,2149700,2149800,2149900,2150000,2150500,2151400,2152000,2152100,2152200,1944,200,900,3662,25502,200,200,400,300,200,2146600,2146100,2146000,2145300,2145200,2145100,2145000,2144400,2144100,2143900,3524,400,4100,1765,3007,1379,6874,1756,12960,21257,2275630,2059890,398347,724118,0,0,0,0,0
688521.SH,688521,20260325,93152000,2149400,0,0,3214,0,,,1145032,242242492,2150000,2082000,2082000,2058800,2150000,2150500,2151400,2152000,2152100,2152200,2152300,2152800,2153200,2153800,23848,200,200,200,300,200,700,200,500,300,2149400,2149300,2148300,2148000,2147100,2147000,2146700,2146600,2146100,2146000,15003,200,200,2052,200,200,200,9122,600,5676,2276060,2058730,392185,716367,0,0,0,0,0
688521.SH,688521,20260325,93155000,2152000,0,0,3390,0,,,1196588,253326919,2152000,2082000,2082000,2058800,2152200,2152300,2152800,2153200,2153800,2155000,2155500,2155800,2156000,2156600,200,700,200,500,300,1180,2470,400,700,200,2152000,2150500,2150200,2150100,2150000,2149700,2149400,2148300,2148000,2147100,1800,300,2000,1200,30000,9651,10948,200,2052,200,2284280,2063520,368523,754591,0,0,0,0,0
688521.SH,688521,20260325,93158000,2152400,0,0,3459,0,,,1212976,256854434,2155000,2082000,2082000,2058800,2155000,2155500,2155800,2156000,2156600,2156800,2156900,2157100,2157500,2158000,980,2470,400,700,200,300,200,200,500,1000,2152400,2152300,2152200,2152100,2152000,2151800,2151700,2151600,2150100,2150000,1560,11487,2236,1457,400,1259,2106,352,1445,38660,2284420,2065150,368494,766983,0,0,0,0,0
688521.SH,688521,20260325,93201000,2152400,0,0,3551,0,,,1245731,263915672,2158800,2082000,2082000,2058800,2155000,2158800,2158900,2159500,2159600,2159700,2159800,2159900,2160000,2160200,7638,2772,391,200,938,300,1300,1700,9981,200,2152400,2152300,2152200,2152100,2152000,2151800,2151700,2151600,2151400,2150100,3690,11787,14078,1880,200,1259,4121,352,2596,1445,2285820,2065620,366987,770168,0,0,0,0,0
688521.SH,688521,20260325,93204000,2152200,0,0,3648,0,,,1285642,272512649,2158900,2082000,2082000,2058800,2152300,2152400,2155000,2158900,2159500,2159600,2159700,2159800,2159900,2160000,6317,3336,200,46,200,938,300,1300,1700,64361,2152200,2152100,2152000,2151800,2151700,2151600,2151400,2150100,2150000,2149700,13712,673,400,1259,4121,352,2596,1200,39958,300,2270040,2061500,423635,717534,0,0,0,0,0
688521.SH,688521,20260325,93207000,2150000,0,0,3768,0,,,1341038,284432975,2158900,2082000,2082000,2058800,2151300,2152000,2152100,2152200,2152300,2152400,2155000,2158000,2158700,2158900,400,451,5967,9386,200,15162,1073,200,200,46,2150000,2149700,2149400,2148000,2147000,2146600,2146100,2146000,2144500,2143900,32957,300,5198,500,625,7501,600,4754,1400,2569,2262910,2056770,454164,680014,0,0,0,0,0
688521.SH,688521,20260325,93210000,2150000,0,0,3921,0,,,1400275,297171227,2158900,2082000,2082000,2058800,2150000,2150900,2151200,2151300,2151800,2152000,2152100,2152200,2152300,2152400,1306,200,1215,3662,2000,3300,615,23322,200,17287,2149400,2149000,2147000,2146600,2146100,2146000,2144500,2143900,2143800,2142000,2256,16962,625,8761,600,4554,1400,2569,3867,6740,2255680,2053850,487765,655740,0,0,0,0,0
688521.SH,688521,20260325,93213000,2149400,0,0,4006,0,,,1426453,302798109,2158900,2082000,2082000,2058800,2149400,2149700,2149900,2150000,2150900,2151300,2151800,2152000,2152100,2152200,2173,500,333,16470,200,5219,2200,3500,615,21384,2149000,2147000,2146600,2146100,2146000,2144500,2143900,2143800,2142000,2140900,6989,625,7084,600,4554,1400,2569,3867,6940,400,2251430,2052000,510070,643304,0,0,0,0,0
688521.SH,688521,20260325,93216000,2148700,0,0,4097,0,,,1460550,310124097,2158900,2082000,2082000,2058800,2148700,2148900,2149000,2149300,2149400,2149700,2149900,2150000,2150900,2151300,800,1000,3953,2583,3447,500,533,22227,200,5271,2148000,2146600,2146100,2146000,2144500,2143900,2143800,2142000,2140900,2140700,4926,496,600,4100,1400,2569,3867,6940,400,1334,2248760,2049840,524149,626153,0,0,0,0,0
688521.SH,688521,20260325,93219000,2146600,0,0,4140,0,,,1472052,312594035,2158900,2082000,2082000,2058800,2147700,2147900,2148000,2148600,2148700,2148900,2149000,2149300,2149400,2149700,600,1442,4956,635,200,1300,20106,1376,9074,500,2146000,2144500,2143900,2143800,2142000,2140900,2140700,2140000,2138000,2136000,2580,1400,2569,3867,6625,400,1334,5849,2000,3408,2241760,2047830,562767,603953,0,0,0,0,0
688521.SH,688521,20260325,93222000,2143800,0,0,4214,0,,,1488720,316170606,2158900,2082000,2082000,2058800,2143900,2144500,2145000,2146000,2147500,2147600,2147700,2148000,2148700,2148900,78,204,400,1501,600,3592,800,9231,400,1300,2143800,2142000,2140900,2140700,2140000,2138000,2136000,2134900,2133000,2131000,3667,6425,400,1334,6049,2000,3408,1551,2866,400,2241250,2046450,570416,594335,0,0,0,0,0
688521.SH,688521,20260325,93225000,2143400,0,0,4426,0,,,1589610,337841706,2158900,2082000,2082000,2058800,2143800,2145000,2146000,2148000,2150000,2150900,2151300,2151400,2151800,2152000,200,200,200,200,3960,200,5309,200,2200,3000,2143400,2142000,2140900,2140700,2140000,2138000,2136000,2134900,2133100,2133000,204,2537,400,1134,5849,2000,3408,1551,525,2866,2253840,2045200,504759,585887,0,0,0,0,0
688521.SH,688521,20260325,93228000,2140000,0,0,4528,0,,,1616246,343549476,2158900,2082000,2082000,2058800,2143200,2143300,2143400,2143800,2143900,2144000,2144400,2145000,2146000,2148000,200,200,200,4074,200,15800,200,300,700,200,2140000,2138000,2136000,2135000,2134900,2133000,2131000,2130500,2130000,2129800,2162,2000,3408,200,1551,2866,400,2476,5369,1000,2248070,2043220,542416,573048,0,0,0,0,0
688521.SH,688521,20260325,93231000,2138800,0,0,4602,0,,,1632757,347082404,2158900,2082000,2082000,2058800,2138000,2140000,2140900,2141600,2142000,2143100,2143200,2143300,2143400,2143800,3700,864,1117,600,200,272,1721,200,8362,4862,2136000,2135000,2134900,2133000,2131000,2130500,2130000,2129800,2125800,2125200,2993,200,1551,2866,400,2476,5369,1000,277,300,2244790,2042460,560688,568971,0,0,0,0,0
688521.SH,688521,20260325,93234000,2138000,0,0,4686,0,,,1654297,351690704,2158900,2082000,2082000,2058800,2143200,2143300,2143400,2143700,2143800,2143900,2144000,2144200,2144500,2145000,861,400,7999,6215,5862,400,15800,222,415,991,2138000,2136300,2136000,2135500,2135100,2135000,2134900,2133000,2131000,2130500,2744,4320,2155,231,200,3632,1551,2866,400,2476,2244310,2043880,567395,576249,0,0,0,0,0
688521.SH,688521,20260325,93237000,2140000,0,0,4759,0,,,1671232,355317786,2158900,2082000,2082000,2058800,2140000,2140900,2143200,2143400,2143800,2143900,2144000,2144200,2144500,2145000,94,269,200,10751,5399,600,15800,422,415,991,2138000,2137000,2136300,2136000,2135500,2135100,2135000,2134900,2133000,2131000,699,1756,4320,2155,231,200,3632,1551,2866,400,2246110,2043500,566071,573489,0,0,0,0,0
688521.SH,688521,20260325,93240000,2134900,0,0,4836,0,,,1698519,361148185,2158900,2082000,2082000,2058800,2136000,2138000,2140000,2143200,2143300,2143400,2143800,2143900,2144000,2144200,211,400,1461,600,200,10751,5199,600,15800,422,2134900,2133000,2131000,2130500,2130000,2129800,2128600,2127700,2125800,2125200,148,2866,400,1776,5769,1000,577,200,277,300,2244760,2041060,580872,557607,0,0,0,0,0
688521.SH,688521,20260325,93243000,2133900,0,0,4888,0,,,1716182,364922600,2158900,2082000,2082000,2058800,2138800,2139000,2140000,2143000,2143200,2143300,2143400,2143800,2143900,2144000,206,292,773,500,600,200,10751,5199,600,15800,2133900,2133000,2131000,2130500,2130000,2129800,2127700,2125800,2125200,2125000,1653,2866,400,1776,5969,1000,200,277,300,3900,2244650,2041300,584119,558060,0,0,0,0,0
688521.SH,688521,20260325,93246000,2136000,0,0,4905,0,,,1722382,366247054,2158900,2082000,2082000,2058800,2138000,2138700,2138800,2139000,2139900,2140000,2143000,2143200,2143300,2143400,5200,2206,1406,292,200,1173,500,400,200,11051,2136000,2133900,2133300,2133000,2131000,2130500,2130000,2129800,2127700,2125800,2000,1453,200,2866,400,1776,5969,1000,200,277,2242880,2041650,603867,560560,0,0,0,0,0
688521.SH,688521,20260325,93249000,2133900,0,0,4979,0,,,1755926,373408654,2158900,2082000,2082000,2058800,2131000,2131800,2133900,2134000,2138000,2138700,2138800,2139000,2139900,2140000,200,1000,575,500,2469,2206,1406,292,200,2670,2130100,2130000,2129800,2127700,2125800,2125200,2125000,2124400,2124300,2123600,200,3393,1000,200,277,300,3900,208,1000,977,2242880,2039820,607454,549189,0,0,0,0,0
688521.SH,688521,20260325,93252000,2130100,0,0,5020,0,,,1765268,375400393,2158900,2082000,2082000,2058800,2133900,2134900,2136000,2137800,2138000,2138700,2138800,2139000,2139900,2140000,569,1790,1876,400,2469,2206,1406,292,200,1897,2130100,2130000,2129800,2129100,2127700,2125800,2125200,2125000,2124400,2124300,100,3830,1000,2172,200,277,300,3900,208,1000,2241480,2040280,623365,552398,0,0,0,0,0
688521.SH,688521,20260325,93255000,2138000,0,0,5068,0,,,1788101,380272159,2158900,2082000,2082000,2058800,2138700,2138800,2140000,2143000,2143200,2143300,2143400,2143800,2143900,2144000,2206,1406,10450,500,724,400,11051,2308,200,16647,2138000,2134000,2132000,2131000,2130200,2130000,2129800,2129100,2127700,2125800,3680,3997,202,1100,200,2858,1000,3390,200,277,2242590,2041870,632621,561338,0,0,0,0,0
688521.SH,688521,20260325,93258000,2130000,0,0,5162,0,,,1826275,388430823,2158900,2082000,2082000,2058800,2135000,2140000,2143000,2143200,2143300,2143400,2143800,2143900,2144000,2144200,4500,10712,500,724,400,11051,2308,200,16647,422,2130000,2129800,2127700,2125800,2125200,2125000,2124400,2124300,2123600,2122200,2953,1000,200,277,300,3900,208,1000,977,200,2239960,2038680,660375,539994,0,0,0,0,0
688521.SH,688521,20260325,93301000,2130300,0,0,5203,0,,,1844137,392242261,2158900,2082000,2082000,2058800,2134900,2135000,2136000,2138000,2138700,2140000,2143000,2143200,2143300,2143400,1605,300,400,2122,700,10712,1666,724,400,11051,2130300,2130100,2130000,2129800,2129000,2127700,2126000,2125800,2125200,2125000,6579,200,4353,2244,2027,200,1242,277,300,3900,2239110,2040500,666149,549278,0,0,0,0,0
688521.SH,688521,20260325,93304000,2132000,0,0,5262,0,,,1863757,396427170,2158900,2082000,2082000,2058800,2134800,2134900,2135000,2136000,2137900,2138000,2138700,2139800,2140000,2140200,5789,3982,400,400,300,3498,900,200,9326,200,2131000,2130300,2130100,2130000,2129800,2129300,2129000,2127700,2126000,2125800,800,4509,200,5553,2244,2629,2027,200,1242,277,2237730,2041460,676812,555964,0,0,0,0,0
688521.SH,688521,20260325,93307000,2130300,0,0,5380,0,,,1905381,405305248,2158900,2082000,2082000,2058800,2130900,2131000,2134700,2134800,2135000,2136000,2137900,2138000,2138700,2139800,419,6776,272,1229,171,400,300,3745,900,200,2130300,2130100,2130000,2129800,2129300,2129000,2127700,2126000,2125800,2125700,1785,200,10958,2607,2629,617,200,1242,277,3000,2238250,2041590,691466,556698,0,0,0,0,0
688521.SH,688521,20260325,93310000,2130300,0,0,5439,0,,,1918843,408173488,2158900,2082000,2082000,2058800,2130300,2130800,2130900,2131000,2134000,2134700,2134800,2134900,2135000,2136000,7165,422,4515,4135,200,272,1229,600,171,1180,2130100,2130000,2129800,2129300,2129000,2127700,2126000,2125800,2125700,2125200,98,12056,2607,2629,617,200,1242,277,3000,300,2235740,2041490,712212,555109,0,0,0,0,0
688521.SH,688521,20260325,93313000,2138000,0,0,5552,0,,,1952569,415369813,2158900,2082000,2082000,2058800,2138700,2139800,2140000,2140200,2141400,2141500,2143000,2143200,2143300,2143400,700,200,11503,200,200,577,1666,724,200,10551,2138000,2134900,2134800,2130900,2130400,2130300,2130200,2130000,2129800,2129300,10714,216,200,844,1307,10871,867,7235,2607,2629,2239140,2044180,690091,565181,0,0,0,0,0
688521.SH,688521,20260325,93316000,2138000,0,0,5604,0,,,1977073,420610431,2158900,2082000,2082000,2058800,2140000,2140200,2141400,2142600,2143000,2143200,2143300,2143400,2143500,2143600,7099,200,200,200,1666,724,200,10951,200,200,2138000,2137100,2137000,2135300,2134900,2134800,2134000,2132500,2132000,2130900,6395,200,5012,447,216,200,756,2019,244,2344,2239430,2043550,672642,560210,0,0,0,0,0
688521.SH,688521,20260325,93319000,2140000,0,0,5669,0,,,2008799,427399754,2158900,2082000,2082000,2058800,2143200,2143300,2143400,2143500,2143600,2143800,2143900,2144000,2144200,2144500,724,200,10551,200,200,2008,808,16647,422,415,2140000,2139600,2138000,2137100,2137000,2135300,2134900,2134800,2134000,2132000,125,300,3396,210,5012,447,5343,4115,756,244,2241300,2044860,668435,568667,0,0,0,0,0
688521.SH,688521,20260325,93322000,2142600,0,0,5692,0,,,2014727,428669470,2158900,2082000,2082000,2058800,2143400,2143500,2143600,2143800,2143900,2144000,2144200,2144500,2145800,2145900,10251,200,200,2008,808,16647,422,615,200,200,2142600,2141100,2140000,2139500,2138800,2138700,2138100,2138000,2137100,2137000,6260,2105,8047,209,1436,300,1400,500,210,5012,2242210,2047140,669998,581656,0,0,0,0,0
688521.SH,688521,20260325,93325000,2143200,0,0,5739,0,,,2032818,432547078,2158900,2082000,2082000,2058800,2143600,2143800,2143900,2144000,2144200,2144500,2145800,2145900,2146000,2146600,164,2008,808,16647,622,415,200,200,900,200,2143400,2143200,2142600,2141600,2140000,2139500,2138800,2138700,2138100,2138000,800,1898,6460,7343,6892,431,1436,500,4480,500,2243610,2047550,661237,581020,0,0,0,0,0
688521.SH,688521,20260325,93328000,2143600,0,0,5776,0,,,2041879,434489330,2158900,2082000,2082000,2058800,2143900,2144000,2144200,2144500,2145800,2145900,2146000,2146600,2147000,2147700,808,16647,822,415,200,200,900,200,200,200,2143600,2143400,2143200,2142900,2142700,2142600,2141600,2140000,2139500,2138800,4981,1933,1734,4372,2774,10400,209,4241,431,1436,2243100,2047790,676199,581855,0,0,0,0,0
688521.SH,688521,20260325,93331000,2144000,0,0,5838,0,,,2079172,442483930,2158900,2082000,2082000,2058800,2144000,2144200,2144500,2145800,2145900,2146000,2146600,2147000,2147700,2147900,1232,822,415,200,200,900,200,200,200,2000,2143900,2143600,2143200,2143000,2142800,2142700,2142600,2140000,2139500,2138800,5721,2525,355,200,237,2774,10638,4441,222,1636,2245420,2046960,662076,576572,0,0,0,0,0
688521.SH,688521,20260325,93334000,2144200,0,0,5876,0,,,2095221,445926056,2158900,2082000,2082000,2058800,2146600,2147000,2147700,2147900,2148000,2148700,2148800,2149000,2149700,2150000,200,200,200,2000,600,379,600,1200,448,18544,2144200,2144000,2143900,2143600,2143500,2143400,2143200,2143000,2142800,2142700,8669,1562,4458,1372,357,1833,355,200,237,2774,2245900,2049190,659680,589430,0,0,0,0,0
688521.SH,688521,20260325,93337000,2146500,0,0,5892,0,,,2101922,447363220,2158900,2082000,2082000,2058800,2146500,2146600,2147000,2147600,2147700,2147900,2148000,2148700,2148800,2149000,339,324,200,200,200,2000,600,379,600,1200,2144200,2144000,2143900,2143600,2143500,2143400,2143200,2143000,2142800,2142700,600,4405,1624,1066,357,1333,3607,200,237,1873,2245610,2046910,663143,574420,0,0,0,0,0
688521.SH,688521,20260325,93340000,2146500,0,0,5958,0,,,2118477,450913451,2158900,2082000,2082000,2058800,2146600,2147000,2147600,2147700,2147900,2148000,2148600,2148700,2148800,2149000,324,200,200,200,2000,600,200,379,600,1200,2146500,2143400,2143200,2143000,2142800,2142700,2142600,2140000,2138800,2138700,6942,69,3842,200,237,1873,6260,4487,1636,200,2245610,2046210,665586,569165,0,0,0,0,0
688521.SH,688521,20260325,93343000,2146200,0,0,6141,0,,,2199985,468416902,2158900,2082000,2082000,2058800,2146400,2150100,2150900,2151000,2151300,2151400,2151500,2152000,2152100,2152200,674,200,200,400,5109,200,713,600,200,4700,2146200,2146000,2144300,2143900,2142600,2140000,2138800,2138700,2138100,2138000,309,804,4000,500,5119,4287,1636,200,4480,200,2249090,2044750,643208,564944,0,0,0,0,0
688521.SH,688521,20260325,93346000,2146500,0,0,6202,0,,,2216665,472000829,2158900,2082000,2082000,2058800,2150100,2151300,2151400,2151500,2151800,2152000,2152100,2152200,2152400,2153800,200,909,200,713,200,600,200,4700,4045,200,2146500,2146000,2144600,2144300,2144000,2143400,2142600,2140000,2138800,2138700,1935,1601,1014,4000,2261,200,4919,3087,1636,200,2250320,2044600,635567,562278,0,0,0,0,0
688521.SH,688521,20260325,93349000,2150000,0,0,6228,0,,,2224356,473652111,2158900,2082000,2082000,2058800,2146500,2150000,2150100,2151300,2151400,2151500,2151800,2152000,2152100,2152200,29000,1909,200,909,200,713,200,600,200,4700,2146400,2146200,2146000,2145900,2145500,2145400,2144300,2144000,2143400,2142600,2419,1345,1801,201,4599,1014,4000,2261,200,4919,2245630,2046260,666047,572075,0,0,0,0,0
688521.SH,688521,20260325,93352000,2146300,0,0,6275,0,,,2249066,478955794,2158900,2082000,2082000,2058800,2146300,2146400,2146500,2150000,2150100,2151000,2151300,2151400,2151500,2151800,41,3839,37729,2509,400,1167,909,200,713,200,2146100,2146000,2145900,2144300,2144100,2144000,2143400,2142600,2140000,2138800,393,1801,201,4000,253,2261,200,4919,3087,1636,2243600,2044280,681373,560581,0,0,0,0,0
688521.SH,688521,20260325,93355000,2146400,0,0,6350,0,,,2274069,484322137,2158900,2082000,2082000,2058800,2146500,2150000,2150100,2151000,2151300,2151400,2151500,2151800,2152000,2152100,35311,2909,400,1167,909,433,713,200,600,200,2146400,2146300,2146100,2146000,2145900,2145600,2144300,2144100,2144000,2143400,6533,229,400,886,201,200,4000,253,2261,200,2244530,2044460,676108,559167,0,0,0,0,0
688521.SH,688521,20260325,93358000,2146500,0,0,6418,0,,,2341526,498801643,2158900,2082000,2082000,2058800,2150000,2150100,2151000,2151300,2151400,2151500,2151800,2152000,2152100,2152200,4209,400,1167,909,433,713,200,600,200,4700,2146500,2146400,2146300,2146200,2146100,2146000,2145900,2145800,2145600,2144300,12696,400,2918,200,1564,886,201,1014,200,4000,2249490,2046720,645904,571874,0,0,0,0,0
688521.SH,688521,20260325,93401000,2150100,0,0,6457,0,,,2350824,500799178,2158900,2082000,2082000,2058800,2150000,2150100,2151000,2151300,2151400,2151500,2151800,2152000,2152100,2152200,267,379,1367,909,533,713,200,600,200,4700,2146500,2146400,2146300,2146200,2146100,2146000,2145900,2145800,2145600,2145500,32404,10253,2918,200,1564,1143,201,1014,200,2127,2250510,2051380,639460,599853,0,0,0,0,0
688521.SH,688521,20260325,93404000,2150000,0,0,6514,0,,,2366256,504115105,2158900,2082000,2082000,2058800,2151000,2151300,2151400,2151500,2151800,2152000,2152100,2152200,2152400,2154900,200,1389,768,713,200,600,200,4700,4045,200,2150000,2146500,2146400,2146300,2146200,2146100,2146000,2145900,2145800,2145600,600,15608,10253,3518,200,1564,1349,201,1014,200,2250640,2049070,639781,585921,0,0,0,0,0
688521.SH,688521,20260325,93407000,2149000,0,0,6581,0,,,2394222,510122167,2158900,2082000,2082000,2058800,2150000,2150800,2151000,2151300,2151400,2151500,2151800,2152000,2152100,2152200,648,400,9084,1389,768,713,200,600,200,4700,2149000,2146500,2146400,2146300,2146200,2146100,2146000,2145800,2144300,2144100,1798,7892,10453,3318,200,200,1349,1014,4000,253,2248850,2047230,653171,574904,0,0,0,0,0
688521.SH,688521,20260325,93410000,2148800,0,0,6655,0,,,2407490,512972143,2158900,2082000,2082000,2058800,2148800,2148900,2149000,2149800,2149900,2150000,2150400,2150500,2150800,2150900,667,400,24094,500,463,3341,2000,600,400,200,2148000,2146500,2146400,2146300,2146200,2146100,2146000,2144300,2144100,2144000,2040,3208,10453,3318,200,200,1349,4000,253,400,2244140,2046250,691459,569471,0,0,0,0,0
688521.SH,688521,20260325,93413000,2147900,0,0,6772,0,,,2439839,519916104,2158900,2082000,2082000,2058800,2147900,2148000,2148700,2148800,2148900,2149000,2149800,2149900,2150000,2150100,1682,56701,7986,2173,200,23329,500,2218,4341,1212,2144300,2144100,2144000,2143400,2142600,2140000,2138800,2138700,2138500,2138100,2278,253,400,200,4919,7802,200,200,577,280,2234920,2041990,766436,546107,0,0,0,0,0
688521.SH,688521,20260325,93416000,2140100,0,0,6813,0,,,2455891,523355212,2158900,2082000,2082000,2058800,2140100,2142600,2142900,2143400,2143500,2144100,2144200,2144300,2145000,2146000,207,295,200,902,400,670,1200,29473,5000,200,2140000,2138800,2138700,2138500,2138100,2134800,2132000,2130900,2130300,2130100,7802,200,200,577,280,200,444,1000,5300,1200,2227830,2040450,833164,537857,0,0,0,0,0
688521.SH,688521,20260325,93419000,2140000,0,0,6953,0,,,2484258,529426963,2158900,2082000,2082000,2058800,2140000,2140100,2144000,2144300,2145000,2146000,2146100,2146300,2146400,2146500,358,200,78,30466,5000,200,600,1100,375,1220,2139700,2138800,2138100,2134800,2132000,2131300,2130900,2130300,2130100,2130000,126,200,280,200,444,577,1000,5300,1200,8727,2234290,2037130,772178,507181,0,0,0,0,0
688521.SH,688521,20260325,93422000,2140000,0,0,6998,0,,,2496158,531972865,2158900,2082000,2082000,2058800,2139900,2140000,2140100,2144000,2144300,2145000,2146000,2146100,2146200,2146300,1067,4270,400,78,19011,5000,400,1522,800,1100,2138800,2138700,2134800,2132000,2131300,2130900,2130300,2130100,2130000,2129900,200,535,200,444,577,1000,5300,1200,8727,223,2234350,2037160,775340,507310,0,0,0,0,0
688521.SH,688521,20260325,93425000,2139700,0,0,7050,0,,,2509983,534928238,2158900,2082000,2082000,2058800,2138800,2139700,2139800,2139900,2140000,2140100,2144000,2144300,2145000,2146000,200,1021,4642,1649,15172,400,78,17984,5000,1476,2138700,2138600,2133300,2132000,2131300,2130900,2130300,2130100,2130000,2129900,200,200,33,444,577,1000,5300,1200,8727,223,2232480,2036830,792809,511408,0,0,0,0,0
688521.SH,688521,20260325,93428000,2138700,0,0,7113,0,,,2531136,539447129,2158900,2082000,2082000,2058800,2138700,2138800,2139700,2139800,2139900,2140000,2140100,2144000,2144300,2145000,2368,302,11056,4423,1649,15345,900,78,16923,5200,2138600,2130300,2130100,2130000,2129900,2129800,2129300,2129000,2128800,2127700,624,5026,1200,8527,223,1000,280,300,441,200,2231970,2036430,799313,509304,0,0,0,0,0
688521.SH,688521,20260325,93431000,2138600,0,0,7181,0,,,2551743,543846109,2158900,2082000,2082000,2058800,2138600,2138700,2138800,2139500,2139700,2139800,2139900,2140000,2140100,2144000,21716,26131,10974,629,10656,4423,1649,15245,900,478,2130300,2130100,2130000,2129900,2129800,2129300,2129000,2128800,2127700,2125900,2183,1200,8527,223,1000,280,300,441,200,500,2225580,2035770,858417,505837,0,0,0,0,0
688521.SH,688521,20260325,93434000,2130300,0,0,7275,0,,,2598340,553805159,2158900,2082000,2082000,2058800,2130300,2138400,2138500,2138600,2138700,2138800,2139500,2139600,2139700,2139800,300,300,1638,9904,27704,11085,629,200,10656,4423,2130100,2130000,2129900,2129800,2129300,2129000,2127700,2125900,2125800,2125200,961,8527,223,1231,3353,300,200,500,277,300,2226660,2035760,848527,505406,0,0,0,0,0
688521.SH,688521,20260325,93437000,2130000,0,0,7416,0,,,2625983,559695249,2158900,2082000,2082000,2058800,2137000,2138000,2138500,2138600,2138700,2138800,2139500,2139700,2139800,2139900,10470,200,1201,6967,25646,10447,629,10656,2867,582,2130000,2129900,2129800,2129300,2129000,2127700,2125900,2125800,2125200,2125000,4212,223,1231,3353,300,200,500,277,300,4220,2226670,2034750,857877,500130,0,0,0,0,0
688521.SH,688521,20260325,93440000,2130000,0,0,7498,0,,,2658519,566634889,2158900,2082000,2082000,2058800,2130000,2130100,2136900,2137000,2138000,2138400,2138500,2138600,2138700,2138800,1649,2600,500,5691,200,2000,1201,6767,23078,10202,2129800,2129000,2127700,2126000,2125900,2125800,2125200,2125000,2124300,2123600,265,565,200,1221,500,277,300,4220,1000,400,2226900,2033460,855662,493539,0,0,0,0,0
688521.SH,688521,20260325,93443000,2130000,0,0,7566,0,,,2683276,571908026,2158900,2082000,2082000,2058800,2136600,2136900,2137000,2138000,2138100,2138400,2138500,2138600,2138700,2138800,200,900,5287,200,200,2000,1201,6267,23648,10402,2130000,2129100,2129000,2127700,2126000,2125900,2125800,2125200,2125000,2124300,467,9,400,200,1221,500,277,300,4220,1000,2228010,2033630,847055,492685,0,0,0,0,0
688521.SH,688521,20260325,93446000,2120000,0,0,7632,0,,,2720259,579779538,2158900,2082000,2082000,2058800,2120000,2127700,2127800,2128000,2129000,2129800,2130000,2130100,2136500,2136600,1231,2716,300,400,673,200,3485,320,1836,2736,2119900,2118000,2116600,2116100,2110000,2108700,2108600,2107800,2104000,2103000,200,1000,261,200,8197,1986,309,200,837,200,2227600,2031040,847930,485367,0,0,0,0,0
688521.SH,688521,20260325,93449000,2127700,0,0,7678,0,,,2737251,583388958,2158900,2082000,2082000,2058800,2127700,2129000,2129100,2129800,2130000,2130100,2131300,2134300,2134400,2134600,3224,712,400,1300,5246,320,800,201,240,200,2125000,2120900,2120600,2120500,2120300,2120200,2120100,2120000,2119900,2119600,400,1200,3500,1200,400,200,3631,16359,600,365,2227530,2035930,851234,514222,0,0,0,0,0
688521.SH,688521,20260325,93452000,2130000,0,0,7768,0,,,2755267,587223541,2158900,2082000,2082000,2058800,2131300,2134200,2134400,2134600,2135800,2136500,2136600,2137000,2138000,2138300,800,500,200,200,200,1336,3181,1640,200,792,2130100,2130000,2127700,2127400,2125000,2124500,2124000,2120900,2120600,2120500,416,11445,1038,686,674,229,3407,2000,1400,1200,2229020,2038940,839641,532681,0,0,0,0,0
688521.SH,688521,20260325,93455000,2131300,0,0,7803,0,,,2769610,590279680,2158900,2082000,2082000,2058800,2134300,2134400,2134600,2135000,2135800,2136500,2136600,2137000,2138000,2138400,500,200,200,200,200,1336,2981,1640,200,2000,2131300,2130100,2130000,2129100,2129000,2128000,2127700,2125000,2124500,2124000,868,601,5752,337,1123,200,1707,674,229,2871,2229420,2036610,838049,517430,0,0,0,0,0
688521.SH,688521,20260325,93458000,2130300,0,0,7841,0,,,2778336,592139644,2158900,2082000,2082000,2058800,2131300,2134200,2134300,2134600,2135000,2135800,2136500,2136600,2137000,2138000,200,137,726,200,200,200,1336,2781,1640,5200,2130300,2130100,2130000,2129100,2129000,2128000,2127700,2125000,2124500,2120900,624,694,2414,337,923,200,1561,200,229,800,2230390,2034160,831001,502987,0,0,0,0,0
688521.SH,688521,20260325,93501000,2131300,0,0,7887,0,,,2786366,593851041,2158900,2082000,2082000,2058800,2130300,2131200,2133300,2134100,2134300,2134500,2134600,2135000,2136500,2136600,200,772,564,217,1526,205,200,6747,1336,2781,2130100,2130000,2129300,2129100,2128000,2127700,2125000,2124500,2122600,2120900,200,2529,2139,337,200,869,400,229,577,800,2229150,2034120,848175,502465,0,0,0,0,0
688521.SH,688521,20260325,93504000,2130400,0,0,7949,0,,,2801516,597079850,2158900,2082000,2082000,2058800,2134500,2134600,2135000,2136500,2136600,2137000,2138000,2138400,2138500,2138600,205,200,6147,1336,1445,1640,200,2000,504,4894,2130400,2130100,2130000,2129700,2129600,2129100,2129000,2128000,2127700,2127500,212,200,2452,390,1399,337,553,200,669,496,2233980,2034360,803971,504094,0,0,0,0,0
688521.SH,688521,20260325,93507000,2130400,0,0,7995,0,,,2811855,599283286,2158900,2082000,2082000,2058800,2130400,2134100,2134300,2134400,2134500,2135000,2135500,2136500,2136600,2137000,530,364,250,3296,200,400,200,400,1445,540,2130300,2130100,2130000,2129900,2129700,2129600,2129100,2129000,2128000,2127700,530,1862,1771,1000,390,1399,337,553,200,869,2234270,2034940,837789,507193,0,0,0,0,0
688521.SH,688521,20260325,93510000,2126100,0,0,8069,0,,,2833939,603985446,2158900,2082000,2082000,2058800,2126100,2130100,2130300,2130400,2132000,2134200,2134400,2134500,2135000,2135500,6944,1291,757,1200,4000,400,2195,200,400,200,2125000,2122600,2121000,2120900,2120300,2120000,2119900,2119800,2118000,2117700,400,577,606,800,200,12461,400,262,3000,200,2233090,2034190,853759,504130,0,0,0,0,0
688521.SH,688521,20260325,93513000,2130000,0,0,8143,0,,,2861759,609905267,2158900,2082000,2082000,2058800,2129600,2130000,2130400,2132000,2134000,2134200,2134300,2134400,2134500,2135000,10000,393,315,3418,1102,400,316,2195,200,400,2126100,2125000,2124000,2122600,2121000,2120900,2120300,2120000,2119900,2119800,825,600,1509,1000,606,800,400,12461,400,262,2232830,2034840,855371,507864,0,0,0,0,0
688521.SH,688521,20260325,93516000,2129500,0,0,8197,0,,,2889403,615792674,2158900,2082000,2082000,2058800,2129500,2130000,2130100,2130300,2130400,2131200,2134000,2134200,2134300,2134500,2205,200,400,600,400,778,1102,400,316,200,2126400,2126100,2125100,2125000,2124000,2122600,2121000,2120900,2120300,2120000,3664,1681,725,2800,402,1000,606,600,400,12461,2233940,2035990,848369,514402,0,0,0,0,0
688521.SH,688521,20260325,93519000,2129600,0,0,8222,0,,,2896060,617210283,2158900,2082000,2082000,2058800,2130000,2130300,2130400,2134000,2134500,2135500,2136500,2136600,2137000,2138000,600,732,400,1302,422,200,400,1445,540,400,2129600,2126400,2126100,2125900,2125400,2125100,2125000,2124000,2122600,2121000,4055,3617,11198,213,517,725,4596,402,1000,606,2234300,2038740,845878,530453,0,0,0,0,0
688521.SH,688521,20260325,93522000,2126400,0,0,8281,0,,,2915629,621375511,2158900,2082000,2082000,2058800,2126400,2129400,2130300,2134000,2134500,2135100,2135500,2136500,2136600,2137000,8178,224,200,1302,422,500,200,400,1445,540,2126100,2125900,2125100,2125000,2122600,2121000,2120900,2120300,2120000,2119900,4065,213,253,5196,1000,606,600,400,13240,400,2233300,2035690,854748,511819,0,0,0,0,0
688521.SH,688521,20260325,93525000,2126400,0,0,8340,0,,,2938164,626165916,2158900,2082000,2082000,2058800,2129000,2129400,2129600,2130000,2130300,2134000,2134500,2135100,2135500,2136500,100,224,6426,200,200,1302,422,500,200,400,2127000,2126600,2126100,2125900,2125000,2122600,2121000,2120900,2120300,2120000,200,2212,978,600,200,1000,606,600,400,13440,2233960,2034960,855254,506688,0,0,0,0,0
688521.SH,688521,20260325,93528000,2128900,0,0,8365,0,,,2944565,627527238,2158900,2082000,2082000,2058800,2128900,2129000,2129400,2129600,2130000,2130300,2130500,2134000,2134500,2135100,220,334,224,6426,200,200,393,1502,422,500,2126500,2126400,2126200,2126100,2125900,2125000,2124700,2124400,2122600,2121000,200,13634,200,1378,600,200,500,3857,800,606,2233750,2037870,858475,523567,0,0,0,0,0
688521.SH,688521,20260325,93531000,2129600,0,0,8392,0,,,2953305,629387329,2158900,2082000,2082000,2058800,2130000,2130300,2130500,2133000,2134000,2134500,2135100,2135500,2136300,2136500,1000,167,393,200,1502,422,500,200,469,400,2129600,2129500,2129400,2128900,2126700,2126600,2126500,2126400,2126200,2126100,5788,200,259,800,200,487,200,7800,400,1378,2234870,2039220,858731,531668,0,0,0,0,0
688521.SH,688521,20260325,93534000,2130000,0,0,8432,0,,,2962916,631434420,2158900,2082000,2082000,2058800,2133000,2134000,2134500,2135100,2135500,2136500,2136600,2137000,2138000,2138400,200,1702,422,500,200,400,1245,540,400,2000,2130000,2129600,2129500,2129400,2129000,2128900,2128700,2128600,2127000,2126700,3646,2339,1000,259,870,1600,400,503,200,5326,2234970,2041130,857570,539759,0,0,0,0,0
688521.SH,688521,20260325,93537000,2133000,0,0,8457,0,,,2976988,634433600,2158900,2082000,2082000,2058800,2134000,2134500,2135100,2135500,2136500,2136600,2137000,2138000,2138400,2138500,600,422,500,200,400,1245,540,400,2000,20,2133000,2131300,2130900,2130500,2130000,2129600,2129500,2129000,2128900,2128700,252,404,35,265,1245,917,1409,4139,2500,400,2234860,2042060,857662,546482,0,0,0,0,0
688521.SH,688521,20260325,93540000,2133000,0,0,8494,0,,,2985059,636153969,2158900,2082000,2082000,2058800,2133000,2133900,2134000,2134500,2135100,2135500,2136500,2136600,2137000,2138000,1334,1088,412,422,500,200,400,645,540,400,2130000,2129600,2129500,2129000,2128900,2128700,2127900,2127000,2126900,2126700,234,317,1409,3427,3495,400,300,400,200,200,2234590,2040810,864002,538620,0,0,0,0,0
688521.SH,688521,20260325,93543000,2130000,0,0,8530,0,,,2994260,638114073,2158900,2082000,2082000,2058800,2130000,2130300,2131200,2131300,2132100,2132400,2132900,2133000,2133700,2133900,169,200,2984,813,213,3026,1229,1934,164,200,2129100,2129000,2128900,2128700,2127900,2127000,2126900,2126700,2126600,2126500,204,3921,1700,400,300,700,200,200,200,200,2233700,2038320,874600,522453,0,0,0,0,0
688521.SH,688521,20260325,93546000,2126500,0,0,8580,0,,,3006753,640773099,2158900,2082000,2082000,2058800,2126900,2127000,2127100,2127200,2127700,2127800,2127900,2128000,2128100,2128500,585,2415,1680,200,3968,431,407,1843,200,200,2126500,2126400,2126200,2126100,2125900,2125300,2125000,2124700,2124400,2122600,100,8100,200,1178,600,1040,200,500,3857,1001,2228040,2036920,925213,514576,0,0,0,0,0
688521.SH,688521,20260325,93549000,2122600,0,0,8653,0,,,3032500,646244224,2158900,2082000,2082000,2058800,2122600,2124300,2124800,2124900,2125100,2125200,2125400,2125500,2125600,2125700,5924,600,200,2840,600,5645,7466,200,8485,400,2121000,2120900,2120000,2119900,2119800,2118800,2118000,2117700,2117400,2116300,206,600,15127,400,262,577,2600,200,200,474,2224890,2033930,953291,497674,0,0,0,0,0
688521.SH,688521,20260325,93552000,2119700,0,0,8728,0,,,3059366,651940137,2158900,2082000,2082000,2058800,2119700,2119800,2119900,2120000,2120100,2120800,2120900,2121000,2122200,2122400,200,638,1573,715,400,1121,2880,878,200,1200,2118000,2117700,2117400,2116000,2114300,2114000,2112600,2111100,2110000,2109200,2100,200,200,636,200,200,577,475,12897,500,2225680,2030970,947679,481280,0,0,0,0,0
688521.SH,688521,20260325,93555000,2116600,0,0,8773,0,,,3072372,654693986,2158900,2082000,2082000,2058800,2116600,2117700,2117800,2118000,2119500,2119600,2119800,2119900,2120100,2120700,110,328,400,700,200,846,638,773,400,500,2114300,2110100,2110000,2109200,2108700,2108600,2108200,2107800,2104000,2102800,400,2522,12563,500,1986,309,475,200,837,600,2227300,2030680,933653,479975,0,0,0,0,0
688521.SH,688521,20260325,93558000,2117600,0,0,8806,0,,,3079129,656123323,2158900,2082000,2082000,2058800,2116400,2117600,2117700,2117800,2118000,2119800,2119900,2120000,2120800,2120900,715,66,128,200,2016,638,773,200,1121,200,2115700,2114400,2110300,2110200,2110100,2110000,2108700,2108600,2108200,2107800,7200,357,2100,1322,1526,12563,1986,309,475,200,2229770,2032270,911472,489158,0,0,0,0,0
688521.SH,688521,20260325,93601000,2117000,0,0,8846,0,,,3086172,657614763,2158900,2082000,2082000,2058800,2118000,2119800,2119900,2120000,2120800,2120900,2121000,2122200,2122400,2122500,371,300,200,400,1121,200,1478,200,900,1517,2117000,2116800,2116600,2116400,2115700,2115000,2114400,2110300,2110200,2110100,289,1125,3365,8788,7200,250,357,2100,1322,1526,2230630,2033720,905477,495258,0,0,0,0,0
688521.SH,688521,20260325,93604000,2116800,0,0,8874,0,,,3090450,658520674,2158900,2082000,2082000,2058800,2116900,2117000,2119600,2119700,2119800,2120000,2120800,2120900,2121000,2122200,263,5167,650,3407,100,400,1321,200,1478,200,2116800,2116700,2116600,2116400,2115700,2115000,2114400,2110300,2110200,2110100,200,281,8977,10029,7400,250,357,2100,1322,926,2234630,2034570,949936,500311,0,0,0,0,0
688521.SH,688521,20260325,93607000,2116600,0,0,8912,0,,,3104877,661574776,2158900,2082000,2082000,2058800,2119400,2119500,2119600,2119700,2119800,2120000,2120800,2120900,2121000,2122200,200,400,250,3207,100,400,1321,200,1478,200,2116600,2116400,2115700,2115500,2115000,2114400,2110300,2110200,2110100,2110000,4960,8676,7600,200,750,357,2100,1322,926,12763,2235870,2033860,940396,496137,0,0,0,0,0
688521.SH,688521,20260325,93610000,2117000,0,0,8941,0,,,3113181,663333014,2158900,2082000,2082000,2058800,2118600,2119200,2119300,2119400,2119600,2119700,2119800,2120000,2120800,2120900,200,200,3344,3019,250,200,100,400,1321,200,2117000,2116800,2116600,2116400,2116100,2115700,2115500,2115000,2114400,2110300,4293,2500,4766,8876,420,7600,200,750,357,600,2236440,2034940,933831,502756,0,0,0,0,0
688521.SH,688521,20260325,93613000,2117100,0,0,8995,0,,,3131629,667239500,2158900,2082000,2082000,2058800,2118600,2118800,2119200,2119300,2119400,2119600,2119700,2119800,2119900,2120000,200,139,200,2696,3019,450,200,100,300,200,2117100,2116900,2116800,2116600,2116500,2116400,2116100,2115700,2115500,2115000,3967,400,200,4361,231,3541,620,7600,400,750,2236820,2033930,930985,496104,0,0,0,0,0
688521.SH,688521,20260325,93616000,2114600,0,0,9080,0,,,3158270,672877322,2158900,2082000,2082000,2058800,2114600,2114700,2115000,2115300,2115500,2115600,2115700,2115800,2116100,2116200,4761,200,5970,1000,16928,4237,15570,600,2020,440,2114400,2110300,2110200,2110100,2110000,2109200,2108700,2108600,2107800,2106600,2940,400,922,522,14263,577,1986,309,200,476,2225860,2030650,1024109,477673,0,0,0,0,0
688521.SH,688521,20260325,93619000,2114400,0,0,9181,0,,,3195469,680732720,2158900,2082000,2082000,2058800,2113800,2114400,2114500,2114600,2114700,2115000,2115300,2115500,2115600,2115700,500,23142,922,5030,200,5970,1000,16488,1857,6486,2110300,2110200,2110100,2110000,2108700,2108600,2107800,2106600,2105700,2104000,900,200,4600,999,2786,309,200,476,500,837,2226620,2028650,1016783,466125,0,0,0,0,0
688521.SH,688521,20260325,93622000,2113000,0,0,9236,0,,,3212026,684232485,2158900,2082000,2082000,2058800,2113000,2113700,2113800,2114300,2114400,2114500,2114600,2114700,2115000,2115300,163,400,230,656,15034,922,5230,200,5970,1000,2111000,2110900,2110700,2110600,2110400,2110300,2110100,2110000,2109400,2108700,500,597,200,600,200,2141,5285,1739,200,2786,2228220,2029510,1009448,470963,0,0,0,0,0
688521.SH,688521,20260325,93625000,2110300,0,0,9272,0,,,3223741,686705491,2158900,2082000,2082000,2058800,2112700,2112800,2112900,2113000,2113600,2114300,2114400,2114500,2114600,2114700,200,800,900,687,856,400,12604,922,5230,200,2110700,2110400,2110300,2110100,2110000,2109400,2108700,2108600,2107800,2104000,200,200,400,1635,1499,200,2786,309,400,837,2228500,2028270,1006578,463776,0,0,0,0,0
688521.SH,688521,20260325,93628000,2113000,0,0,9328,0,,,3237824,689680628,2158900,2082000,2082000,2058800,2113600,2114400,2114500,2114600,2114700,2115000,2115300,2115500,2115600,2115700,87,9816,922,5230,200,5970,1000,16200,1257,1200,2113000,2112800,2111000,2110700,2110400,2110300,2110200,2110100,2110000,2109400,173,97,462,787,400,400,200,1635,1700,696,2230370,2028760,991398,466592,0,0,0,0,0
688521.SH,688521,20260325,93631000,2114600,0,0,9415,0,,,3262864,694972088,2158900,2082000,2082000,2058800,2114600,2114700,2115000,2115300,2115500,2115600,2115700,2116300,2116400,2116600,3673,200,5970,1000,16200,1257,1200,7780,300,1257,2114500,2113600,2112200,2110900,2110800,2110700,2110500,2110400,2110300,2110200,1800,800,200,2234,1070,899,200,5300,134,200,2233150,2030720,966887,478110,0,0,0,0,0
688521.SH,688521,20260325,93634000,2114700,0,0,9495,0,,,3286815,700036869,2158900,2082000,2082000,2058800,2116300,2116400,2116600,2117000,2117100,2118400,2118600,2119300,2119400,2119900,6180,300,1000,338,2045,300,200,200,600,300,2115400,2114700,2114400,2113700,2113600,2112700,2112500,2112400,2112200,2111000,200,301,7185,439,1495,200,821,440,600,200,2237440,2032050,933192,486084,0,0,0,0,0
688521.SH,688521,20260325,93637000,2114600,0,0,9588,0,,,3312843,705545596,2158900,2082000,2082000,2058800,2119800,2119900,2120800,2120900,2121000,2122200,2122400,2122500,2124400,2125500,200,80,1121,200,1278,400,900,200,500,577,2114600,2114400,2113700,2113600,2113500,2112700,2112500,2112400,2112200,2111400,2348,7185,439,1978,1000,775,421,440,600,500,2239000,2032620,920611,489039,0,0,0,0,0
688521.SH,688521,20260325,93640000,2118000,0,0,9605,0,,,3318810,706809160,2158900,2082000,2082000,2058800,2119800,2119900,2120000,2120800,2120900,2121000,2122200,2122400,2122500,2125600,800,80,200,1121,200,1278,400,900,200,231,2117100,2117000,2116800,2116600,2116400,2116300,2115400,2115100,2114800,2114700,200,800,600,200,933,1941,200,239,200,200,2238820,2034450,924096,500768,0,0,0,0,0
688521.SH,688521,20260325,93643000,2119800,0,0,9644,0,,,3325509,708228137,2158900,2082000,2082000,2058800,2118400,2119700,2119800,2120000,2120800,2120900,2121000,2122200,2122400,2122500,418,894,400,400,1121,200,1478,200,900,200,2118000,2117100,2116500,2116400,2116300,2116200,2115600,2115400,2115100,2114800,200,204,231,578,2002,200,200,200,239,200,2238520,2034300,926643,500232,0,0,0,0,0
688521.SH,688521,20260325,93646000,2117100,0,0,9673,0,,,3330137,709208292,2158900,2082000,2082000,2058800,2118400,2119700,2120000,2120800,2120900,2121000,2122200,2122400,2122500,2125600,200,190,400,1121,200,1478,200,900,200,231,2117100,2117000,2116800,2116600,2116300,2116200,2115600,2115400,2115100,2114800,165,300,200,400,1112,200,200,200,239,1200,2238430,2034520,929396,501888,0,0,0,0,0
688521.SH,688521,20260325,93649000,2118000,0,0,9751,0,,,3351166,713662945,2158900,2082000,2082000,2058800,2119700,2119800,2120000,2120400,2120500,2120600,2120800,2120900,2121000,2122200,200,3125,731,300,5200,200,1000,611,1278,200,2118500,2118400,2118000,2116800,2114700,2114600,2114400,2114200,2114000,2113800,200,1515,1685,200,800,3639,600,333,201,200,2237070,2034470,934861,501562,0,0,0,0,0
688521.SH,688521,20260325,93652000,2117000,0,0,9792,0,,,3362467,716056204,2158900,2082000,2082000,2058800,2117000,2117100,2119600,2119700,2119800,2120000,2120500,2120600,2120800,2121000,9451,400,1,400,1525,731,5200,200,1000,1278,2116100,2115500,2115000,2114800,2114700,2114600,2114400,2113800,2113700,2113600,200,200,500,4000,400,3339,600,200,839,2371,2236190,2035760,943034,512233,0,0,0,0,0
688521.SH,688521,20260325,93655000,2116100,0,0,9806,0,,,3370638,717785833,2158900,2082000,2082000,2058800,2116100,2116200,2117000,2117100,2118500,2119500,2119600,2119700,2119800,2120000,100,214,2480,200,1660,200,1,400,1525,731,2115500,2115200,2115000,2114800,2114700,2114600,2114500,2114400,2113800,2113700,400,200,700,4400,400,3339,535,600,200,839,2236740,2035970,939438,513569,0,0,0,0,0
688521.SH,688521,20260325,93658000,2118400,0,0,9828,0,,,3377492,719237155,2158900,2082000,2082000,2058800,2118400,2118500,2119500,2119600,2119700,2119800,2120000,2120500,2120600,2120800,976,300,200,1,400,1325,731,5200,200,1000,2117000,2116100,2115500,2115200,2115000,2114900,2114800,2114600,2114500,2114400,6906,300,734,400,900,208,4600,3339,535,600,2237160,2037250,936016,521317,0,0,0,0,0
688521.SH,688521,20260325,93701000,2117100,0,0,9855,0,,,3388644,721598397,2158900,2082000,2082000,2058800,2118500,2119400,2119500,2119600,2119700,2119800,2120000,2120500,2120600,2120800,100,200,200,1,200,1325,731,5200,200,1000,2117100,2117000,2116200,2116100,2116000,2115500,2115200,2115000,2114900,2114800,21,233,4800,1705,838,2934,400,1700,208,4600,2237330,2038210,935185,534479,0,0,0,0,0
688521.SH,688521,20260325,93704000,2118500,0,0,9868,0,,,3390943,722085429,2158900,2082000,2082000,2058800,2118300,2119500,2119700,2120000,2120500,2120600,2120800,2121000,2122200,2122400,130,200,200,731,5200,200,1000,1278,200,900,2117600,2117100,2117000,2116600,2116200,2116100,2116000,2115500,2115200,2115000,300,713,2833,200,4800,3073,6238,3934,400,2241,2237440,2040010,932130,546079,0,0,0,0,0
688521.SH,688521,20260325,93707000,2117700,0,0,9911,0,,,3398571,723700707,2158900,2082000,2082000,2058800,2117700,2120000,2120500,2120600,2120800,2121000,2122200,2122400,2122500,2125600,213,731,5200,200,1000,1278,200,900,200,231,2117000,2116800,2116600,2116200,2116100,2116000,2115500,2115200,2115000,2114900,1940,200,200,5000,3823,6238,3934,200,2741,208,2237780,2039390,937896,541623,0,0,0,0,0
688521.SH,688521,20260325,93710000,2118300,0,0,9956,0,,,3410987,726331278,2158900,2082000,2082000,2058800,2120500,2120600,2120800,2121000,2122200,2122400,2122500,2125600,2126100,2126400,5200,200,1000,1278,200,900,200,231,800,529,2118300,2117700,2117300,2117200,2117000,2116900,2116800,2116600,2116200,2116100,880,295,600,6450,3685,200,200,506,5000,4023,2238220,2041010,937294,553366,0,0,0,0,0
688521.SH,688521,20260325,93713000,2120800,0,0,9979,0,,,3419054,728040602,2158900,2082000,2082000,2058800,2121000,2121500,2122200,2122400,2122500,2125600,2126100,2126400,2126500,2126800,1278,200,200,900,200,231,800,529,200,200,2120800,2120500,2120100,2120000,2118600,2118500,2118300,2118000,2117700,2117600,1000,1562,300,15382,3510,565,410,600,2074,1053,2238970,2044490,931929,578525,0,0,0,0,0
688521.SH,688521,20260325,93716000,2121500,0,0,9996,0,,,3423005,728878633,2158900,2082000,2082000,2058800,2122200,2122400,2122500,2125600,2126100,2126400,2126500,2126800,2126900,2127100,40,900,200,231,800,529,200,200,200,1480,2120800,2120600,2120500,2120100,2120000,2118500,2118400,2118300,2118000,2117900,529,437,3062,300,15783,565,1204,610,800,500,2238790,2044150,935614,575648,0,0,0,0,0
688521.SH,688521,20260325,93719000,2121100,0,0,10012,0,,,3425958,729505326,2158900,2082000,2082000,2058800,2125500,2125600,2126100,2126400,2126500,2126800,2126900,2127100,2127200,2128000,1915,1719,800,529,200,200,200,1480,200,200,2122200,2121300,2121200,2121100,2121000,2120800,2120600,2120500,2120400,2120000,300,1200,1400,800,2300,900,1869,3494,340,16283,2238600,2045480,937108,586219,0,0,0,0,0
688521.SH,688521,20260325,93722000,2122200,0,0,10049,0,,,3435367,731502040,2158900,2082000,2082000,2058800,2124900,2125000,2125100,2125200,2125300,2125400,2125500,2125600,2126100,2126400,322,1200,4694,7224,682,4746,670,895,800,529,2121500,2121300,2121200,2121000,2120900,2120800,2120600,2120500,2120400,2120100,200,192,600,3218,379,17973,1869,1932,340,200,2235380,2047330,963406,602504,0,0,0,0,0
688521.SH,688521,20260325,93725000,2124800,0,0,10097,0,,,3448298,734248812,2158900,2082000,2082000,2058800,2124800,2124900,2125100,2125200,2125300,2125400,2125500,2125600,2126100,2126400,1956,200,200,882,682,2052,670,895,800,529,2122500,2122300,2122200,2122100,2122000,2121500,2121300,2121100,2121000,2120900,1268,4300,3680,200,6459,200,500,1300,2510,851,2236880,2049250,950413,618068,0,0,0,0,0
688521.SH,688521,20260325,93728000,2122800,0,0,10122,0,,,3453394,735331128,2158900,2082000,2082000,2058800,2124500,2124600,2124800,2124900,2125100,2125200,2125300,2125400,2125500,2125600,400,3045,647,200,200,882,682,2052,670,895,2122800,2122500,2122300,2122200,2122000,2121600,2121500,2121300,2121100,2121000,3833,416,4568,3980,6459,201,400,500,1000,2310,2236690,2049490,955463,620256,0,0,0,0,0
688521.SH,688521,20260325,93731000,2122000,0,0,10238,0,,,3496981,744580823,2158900,2082000,2082000,2058800,2122000,2122500,2124400,2124500,2124600,2124800,2124900,2125100,2125200,2125300,1935,756,5817,1316,600,647,200,200,882,682,2121300,2121000,2120900,2120800,2120600,2120500,2120100,2120000,2118500,2118400,400,1800,851,17973,1632,1932,200,16383,1565,1204,2235890,2046920,962041,598775,0,0,0,0,0
688521.SH,688521,20260325,93734000,2122000,0,0,10271,0,,,3503812,746030668,2158900,2082000,2082000,2058800,2124300,2124400,2124500,2124600,2124800,2124900,2125100,2125200,2125300,2125400,6713,6754,1316,600,647,200,200,882,682,2052,2122100,2121700,2121600,2121000,2120900,2120800,2120700,2120600,2120500,2120400,300,300,3831,1903,851,19573,200,932,1332,200,2235330,2046370,967395,592960,0,0,0,0,0
688521.SH,688521,20260325,93737000,2121300,0,0,10296,0,,,3515065,748418577,2158900,2082000,2082000,2058800,2121300,2122800,2123000,2124000,2124100,2124200,2124300,2124400,2124500,2124600,4954,200,200,400,2388,251,6713,4017,1316,600,2121100,2121000,2120900,2120800,2120700,2120600,2120500,2120400,2120200,2120100,521,1303,1051,19573,200,932,1132,200,809,200,2234860,2045770,974291,588069,0,0,0,0,0
688521.SH,688521,20260325,93740000,2120800,0,0,10327,0,,,3525886,750714257,2158900,2082000,2082000,2058800,2121300,2123700,2123800,2123900,2124100,2124200,2124300,2124400,2124500,2124600,1150,1777,200,400,400,251,6713,4017,1316,600,2120800,2120700,2120600,2120500,2120400,2120200,2120100,2120000,2118500,2118400,19527,400,1164,932,200,809,200,17190,1565,1204,2235520,2045380,968615,585680,0,0,0,0,0
688521.SH,688521,20260325,93743000,2121300,0,0,10341,0,,,3530994,751797973,2158900,2082000,2082000,2058800,2123700,2123800,2124100,2124200,2124300,2124400,2124500,2124600,2124800,2124900,1477,200,400,251,6713,4017,1316,600,587,200,2122000,2121300,2121100,2121000,2120800,2120700,2120600,2120500,2120400,2120200,10400,2308,1048,400,19767,400,1404,932,200,1009,2235750,2047170,964659,599955,0,0,0,0,0
688521.SH,688521,20260325,93746000,2123700,0,0,10349,0,,,3534071,752451163,2158900,2082000,2082000,2058800,2123800,2124100,2124200,2124300,2124400,2124500,2124600,2124800,2125100,2125200,200,400,651,6713,4017,1316,600,587,200,882,2123700,2122100,2122000,2121300,2121100,2121000,2120800,2120700,2120600,2120500,1274,698,15058,10911,748,600,19727,400,1164,932,2235920,2048800,963541,613881,0,0,0,0,0
688521.SH,688521,20260325,93749000,2124400,0,0,10388,0,,,3548542,755524731,2158900,2082000,2082000,2058800,2124500,2124600,2124800,2125100,2125200,2125300,2125400,2125500,2125600,2126100,1316,600,387,200,882,682,676,670,895,800,2124400,2123800,2123700,2123000,2122800,2122000,2121700,2121400,2121300,2121100,1887,13572,1016,271,200,14465,1800,1989,9613,748,2238470,2051080,940782,633653,0,0,0,0,0
688521.SH,688521,20260325,93752000,2127100,0,0,10434,0,,,3559431,757839097,2158900,2082000,2082000,2058800,2127100,2128000,2128900,2129000,2129900,2130000,2130900,2132900,2133000,2134800,80,200,500,600,675,2188,300,732,1810,200,2125400,2125100,2124600,2124500,2124400,2124000,2123900,2123800,2123700,2123000,21,300,1516,1939,2487,393,200,15364,1316,271,2239530,2052440,931981,645882,0,0,0,0,0
688521.SH,688521,20260325,93755000,2127100,0,0,10458,0,,,3564665,758951740,2158900,2082000,2082000,2058800,2127100,2127200,2127900,2128000,2128900,2129000,2129900,2130000,2130900,2132900,1691,3700,1576,3600,500,600,675,2188,300,732,2125400,2125000,2124600,2124500,2124400,2124000,2123900,2123800,2123700,2123600,400,38501,841,1565,600,393,200,4857,1716,200,2238110,2055240,944514,671580,0,0,0,0,0
688521.SH,688521,20260325,93758000,2127300,0,0,10507,0,,,3589510,764232448,2158900,2082000,2082000,2058800,2127900,2128000,2128900,2129000,2129900,2130000,2130900,2132900,2133000,2134800,200,3600,500,600,675,2188,300,732,1810,200,2127100,2125700,2125000,2124500,2124400,2124000,2123900,2123800,2123700,2123600,861,400,30485,1565,1000,593,200,4457,1516,200,2238800,2054340,938948,663884,0,0,0,0,0
688521.SH,688521,20260325,93801000,2127900,0,0,10552,0,,,3596410,765700626,2158900,2082000,2082000,2058800,2128000,2128900,2129000,2129900,2130000,2130900,2132900,2133000,2133100,2134800,834,500,600,675,1988,300,732,1810,1000,200,2127900,2127300,2127200,2127100,2126300,2126200,2125700,2125400,2125000,2124500,1025,400,753,3181,431,200,8912,932,30485,2693,2239080,2055510,937381,674847,0,0,0,0,0
