万得代码,交易所代码,自然日,时间,成交价,成交量,成交额,成交笔数,IOPV,成交标志,BS标志,当日累计成交量,当日成交额,最高价,最低价,开盘价,前收盘,申卖价1,申卖价2,申卖价3,申卖价4,申卖价5,申卖价6,申卖价7,申卖价8,申卖价9,申卖价10,申卖量1,申卖量2,申卖量3,申卖量4,申卖量5,申卖量6,申卖量7,申卖量8,申卖量9,申卖量10,申买价1,申买价2,申买价3,申买价4,申买价5,申买价6,申买价7,申买价8,申买价9,申买价10,申买量1,申买量2,申买量3,申买量4,申买量5,申买量6,申买量7,申买量8,申买量9,申买量10,加权平均叫卖价,加权平均叫买价,叫卖总量,叫买总量,不加权指数,品种总数,上涨品种数,下跌品种数,持平品种数,
600726.SH,600726,20260424,84515000,0,0,0,0,0,,,0,0,0,0,0,52700,0,0,0,0,0,0,0,0,0,0,0,0,0,0,0,0,0,0,0,0,0,0,0,0,0,0,0,0,0,0,0,0,0,0,0,0,0,0,0,0,0,0,0,0,0,0,0,0,0,
600726.SH,600726,20260424,91400000,0,0,0,0,0,,,0,0,0,0,0,52700,0,0,0,0,0,0,0,0,0,0,0,0,0,0,0,0,0,0,0,0,0,0,0,0,0,0,0,0,0,0,0,0,0,0,0,0,0,0,0,0,0,0,0,0,0,0,0,0,0,
600726.SH,600726,20260424,91500000,0,0,0,0,0,,,0,0,0,0,0,52700,58000,0,0,0,0,0,0,0,0,0,201200,0,0,0,0,0,0,0,0,0,58000,0,0,0,0,0,0,0,0,0,201200,31673000,0,0,0,0,0,0,0,0,50940,57980,201200,32026900,0,0,0,0,0,
600726.SH,600726,20260424,91503000,0,0,0,0,0,,,0,0,0,0,0,52700,58000,0,0,0,0,0,0,0,0,0,402100,0,0,0,0,0,0,0,0,0,58000,0,0,0,0,0,0,0,0,0,402100,31920700,0,0,0,0,0,0,0,0,54050,57780,402100,33786800,0,0,0,0,0,
600726.SH,600726,20260424,91506000,0,0,0,0,0,,,0,0,0,0,0,52700,58000,0,0,0,0,0,0,0,0,0,954600,0,0,0,0,0,0,0,0,0,58000,0,0,0,0,0,0,0,0,0,954600,31980700,0,0,0,0,0,0,0,0,55700,57570,954600,35892000,0,0,0,0,0,
600726.SH,600726,20260424,91509000,0,0,0,0,0,,,0,0,0,0,0,52700,58000,0,0,0,0,0,0,0,0,0,1520600,0,0,0,0,0,0,0,0,0,58000,0,0,0,0,0,0,0,0,0,1520600,32765200,0,0,0,0,0,0,0,0,56370,57360,1520600,38926100,0,0,0,0,0,
600726.SH,600726,20260424,91512000,0,0,0,0,0,,,0,0,0,0,0,52700,58000,0,0,0,0,0,0,0,0,0,2078300,0,0,0,0,0,0,0,0,0,58000,0,0,0,0,0,0,0,0,0,2078300,33030400,0,0,0,0,0,0,0,0,56620,57190,2078300,41374400,0,0,0,0,0,
600726.SH,600726,20260424,91515000,0,0,0,0,0,,,0,0,0,0,0,52700,58000,0,0,0,0,0,0,0,0,0,2495800,0,0,0,0,0,0,0,0,0,58000,0,0,0,0,0,0,0,0,0,2495800,32965100,0,0,0,0,0,0,0,0,56750,57030,2495800,43220600,0,0,0,0,0,
600726.SH,600726,20260424,91518000,0,0,0,0,0,,,0,0,0,0,0,52700,58000,0,0,0,0,0,0,0,0,0,2859400,0,0,0,0,0,0,0,0,0,58000,0,0,0,0,0,0,0,0,0,2859400,32443700,0,0,0,0,0,0,0,0,56770,56910,2859400,44143700,0,0,0,0,0,
600726.SH,600726,20260424,91521000,0,0,0,0,0,,,0,0,0,0,0,52700,58000,0,0,0,0,0,0,0,0,0,3101000,0,0,0,0,0,0,0,0,0,58000,0,0,0,0,0,0,0,0,0,3101000,32470000,0,0,0,0,0,0,0,0,56830,56790,3101000,45633700,0,0,0,0,0,
600726.SH,600726,20260424,91524000,0,0,0,0,0,,,0,0,0,0,0,52700,58000,0,0,0,0,0,0,0,0,0,3491000,0,0,0,0,0,0,0,0,0,58000,0,0,0,0,0,0,0,0,0,3491000,4705800,0,0,0,0,0,0,0,0,56880,54830,3491000,19065000,0,0,0,0,0,
600726.SH,600726,20260424,91527000,0,0,0,0,0,,,0,0,0,0,0,52700,58000,0,0,0,0,0,0,0,0,0,3511900,0,0,0,0,0,0,0,0,0,58000,0,0,0,0,0,0,0,0,0,3511900,4474100,0,0,0,0,0,0,0,0,56880,54790,3511900,18884700,0,0,0,0,0,
600726.SH,600726,20260424,91530000,0,0,0,0,0,,,0,0,0,0,0,52700,58000,0,0,0,0,0,0,0,0,0,3537500,0,0,0,0,0,0,0,0,0,58000,0,0,0,0,0,0,0,0,0,3537500,4459900,0,0,0,0,0,0,0,0,56890,54790,3537500,18895100,0,0,0,0,0,
600726.SH,600726,20260424,91533000,0,0,0,0,0,,,0,0,0,0,0,52700,58000,0,0,0,0,0,0,0,0,0,3456700,0,0,0,0,0,0,0,0,0,58000,0,0,0,0,0,0,0,0,0,3456700,4555200,0,0,0,0,0,0,0,0,57270,54800,3456700,18897500,0,0,0,0,0,
600726.SH,600726,20260424,91536000,0,0,0,0,0,,,0,0,0,0,0,52700,58000,0,0,0,0,0,0,0,0,0,3511500,0,0,0,0,0,0,0,0,0,58000,0,0,0,0,0,0,0,0,0,3511500,4457700,0,0,0,0,0,0,0,0,57290,54790,3511500,18851300,0,0,0,0,0,
600726.SH,600726,20260424,91539000,0,0,0,0,0,,,0,0,0,0,0,52700,58000,0,0,0,0,0,0,0,0,0,3573200,0,0,0,0,0,0,0,0,0,58000,0,0,0,0,0,0,0,0,0,3573200,3979600,0,0,0,0,0,0,0,0,57300,54720,3573200,18426300,0,0,0,0,0,
600726.SH,600726,20260424,91542000,0,0,0,0,0,,,0,0,0,0,0,52700,58000,0,0,0,0,0,0,0,0,0,3599300,0,0,0,0,0,0,0,0,0,58000,0,0,0,0,0,0,0,0,0,3599300,3980500,0,0,0,0,0,0,0,0,57300,54720,3599300,18455200,0,0,0,0,0,
600726.SH,600726,20260424,91545000,0,0,0,0,0,,,0,0,0,0,0,52700,58000,0,0,0,0,0,0,0,0,0,3678500,0,0,0,0,0,0,0,0,0,58000,0,0,0,0,0,0,0,0,0,3678500,3744100,0,0,0,0,0,0,0,0,57310,54700,3678500,18304600,0,0,0,0,0,
600726.SH,600726,20260424,91548000,0,0,0,0,0,,,0,0,0,0,0,52700,58000,0,0,0,0,0,0,0,0,0,3770800,0,0,0,0,0,0,0,0,0,58000,0,0,0,0,0,0,0,0,0,3770800,3661900,0,0,0,0,0,0,0,0,57320,54670,3770800,18345800,0,0,0,0,0,
600726.SH,600726,20260424,91551000,0,0,0,0,0,,,0,0,0,0,0,52700,58000,0,0,0,0,0,0,0,0,0,3820700,0,0,0,0,0,0,0,0,0,58000,0,0,0,0,0,0,0,0,0,3820700,3639500,0,0,0,0,0,0,0,0,57330,54680,3820700,18375300,0,0,0,0,0,
600726.SH,600726,20260424,91554000,0,0,0,0,0,,,0,0,0,0,0,52700,58000,0,0,0,0,0,0,0,0,0,3841900,0,0,0,0,0,0,0,0,0,58000,0,0,0,0,0,0,0,0,0,3841900,3623900,0,0,0,0,0,0,0,0,57340,54680,3841900,18404200,0,0,0,0,0,
600726.SH,600726,20260424,91557000,0,0,0,0,0,,,0,0,0,0,0,52700,58000,0,0,0,0,0,0,0,0,0,3864300,0,0,0,0,0,0,0,0,0,58000,0,0,0,0,0,0,0,0,0,3864300,3646200,0,0,0,0,0,0,0,0,57350,54690,3864300,18449300,0,0,0,0,0,
600726.SH,600726,20260424,91600000,0,0,0,0,0,,,0,0,0,0,0,52700,58000,0,0,0,0,0,0,0,0,0,3921200,0,0,0,0,0,0,0,0,0,58000,0,0,0,0,0,0,0,0,0,3921200,3529500,0,0,0,0,0,0,0,0,57360,54670,3921200,18357600,0,0,0,0,0,
600726.SH,600726,20260424,91603000,0,0,0,0,0,,,0,0,0,0,0,52700,58000,0,0,0,0,0,0,0,0,0,3909200,0,0,0,0,0,0,0,0,0,58000,0,0,0,0,0,0,0,0,0,3909200,3571300,0,0,0,0,0,0,0,0,57360,54670,3909200,18389600,0,0,0,0,0,
600726.SH,600726,20260424,91606000,0,0,0,0,0,,,0,0,0,0,0,52700,58000,0,0,0,0,0,0,0,0,0,3996200,0,0,0,0,0,0,0,0,0,58000,0,0,0,0,0,0,0,0,0,3996200,3227400,0,0,0,0,0,0,0,0,57370,54630,3996200,18124900,0,0,0,0,0,
600726.SH,600726,20260424,91609000,0,0,0,0,0,,,0,0,0,0,0,52700,58000,0,0,0,0,0,0,0,0,0,4051200,0,0,0,0,0,0,0,0,0,58000,0,0,0,0,0,0,0,0,0,4051200,3217100,0,0,0,0,0,0,0,0,57380,54640,4051200,18176500,0,0,0,0,0,
600726.SH,600726,20260424,91612000,0,0,0,0,0,,,0,0,0,0,0,52700,58000,0,0,0,0,0,0,0,0,0,4086200,0,0,0,0,0,0,0,0,0,58000,0,0,0,0,0,0,0,0,0,4086200,3211100,0,0,0,0,0,0,0,0,57390,54640,4086200,18211400,0,0,0,0,0,
600726.SH,600726,20260424,91615000,0,0,0,0,0,,,0,0,0,0,0,52700,58000,0,0,0,0,0,0,0,0,0,4338600,0,0,0,0,0,0,0,0,0,58000,0,0,0,0,0,0,0,0,0,4338600,2983400,0,0,0,0,0,0,0,0,57420,54640,4338600,18247100,0,0,0,0,0,
600726.SH,600726,20260424,91618000,0,0,0,0,0,,,0,0,0,0,0,52700,58000,0,0,0,0,0,0,0,0,0,4359900,0,0,0,0,0,0,0,0,0,58000,0,0,0,0,0,0,0,0,0,4359900,2990400,0,0,0,0,0,0,0,0,57420,54650,4359900,18271600,0,0,0,0,0,
600726.SH,600726,20260424,91621000,0,0,0,0,0,,,0,0,0,0,0,52700,58000,0,0,0,0,0,0,0,0,0,4450600,0,0,0,0,0,0,0,0,0,58000,0,0,0,0,0,0,0,0,0,4450600,2894300,0,0,0,0,0,0,0,0,57430,54650,4450600,18253700,0,0,0,0,0,
600726.SH,600726,20260424,91624000,0,0,0,0,0,,,0,0,0,0,0,52700,58000,0,0,0,0,0,0,0,0,0,4505200,0,0,0,0,0,0,0,0,0,58000,0,0,0,0,0,0,0,0,0,4505200,2825800,0,0,0,0,0,0,0,0,57440,54650,4505200,18229200,0,0,0,0,0,
600726.SH,600726,20260424,91627000,0,0,0,0,0,,,0,0,0,0,0,52700,58000,0,0,0,0,0,0,0,0,0,4545200,0,0,0,0,0,0,0,0,0,58000,0,0,0,0,0,0,0,0,0,4545200,2796000,0,0,0,0,0,0,0,0,57450,54650,4545200,18245400,0,0,0,0,0,
600726.SH,600726,20260424,91630000,0,0,0,0,0,,,0,0,0,0,0,52700,58000,0,0,0,0,0,0,0,0,0,4561400,0,0,0,0,0,0,0,0,0,58000,0,0,0,0,0,0,0,0,0,4561400,2589900,0,0,0,0,0,0,0,0,57450,54610,4561400,18066800,0,0,0,0,0,
600726.SH,600726,20260424,91633000,0,0,0,0,0,,,0,0,0,0,0,52700,58000,0,0,0,0,0,0,0,0,0,4693000,0,0,0,0,0,0,0,0,0,58000,0,0,0,0,0,0,0,0,0,4693000,2466600,0,0,0,0,0,0,0,0,57470,54610,4693000,18060800,0,0,0,0,0,
600726.SH,600726,20260424,91636000,0,0,0,0,0,,,0,0,0,0,0,52700,58000,0,0,0,0,0,0,0,0,0,4707000,0,0,0,0,0,0,0,0,0,58000,0,0,0,0,0,0,0,0,0,4707000,570200,0,0,0,0,0,0,0,0,57470,54210,4707000,16199200,0,0,0,0,0,
600726.SH,600726,20260424,91639000,0,0,0,0,0,,,0,0,0,0,0,52700,58000,0,0,0,0,0,0,0,0,0,4785900,0,0,0,0,0,0,0,0,0,58000,0,0,0,0,0,0,0,0,0,4785900,514500,0,0,0,0,0,0,0,0,57480,54220,4785900,16239400,0,0,0,0,0,
600726.SH,600726,20260424,91642000,0,0,0,0,0,,,0,0,0,0,0,52700,58000,0,0,0,0,0,0,0,0,0,4800400,0,0,0,0,0,0,0,0,0,58000,0,0,0,0,0,0,0,0,0,4800400,517600,0,0,0,0,0,0,0,0,57490,54220,4800400,16253600,0,0,0,0,0,
600726.SH,600726,20260424,91645000,0,0,0,0,0,,,0,0,0,0,0,52700,58000,0,0,0,0,0,0,0,0,0,4841100,0,0,0,0,0,0,0,0,0,58000,0,0,0,0,0,0,0,0,0,4841100,494700,0,0,0,0,0,0,0,0,57490,54230,4841100,16249900,0,0,0,0,0,
600726.SH,600726,20260424,91648000,0,0,0,0,0,,,0,0,0,0,0,52700,58000,0,0,0,0,0,0,0,0,0,4882700,0,0,0,0,0,0,0,0,0,58000,0,0,0,0,0,0,0,0,0,4882700,503600,0,0,0,0,0,0,0,0,57490,54240,4882700,16301000,0,0,0,0,0,
600726.SH,600726,20260424,91651000,0,0,0,0,0,,,0,0,0,0,0,52700,58000,0,0,0,0,0,0,0,0,0,4898800,0,0,0,0,0,0,0,0,0,58000,0,0,0,0,0,0,0,0,0,4898800,513600,0,0,0,0,0,0,0,0,57500,54250,4898800,16317500,0,0,0,0,0,
600726.SH,600726,20260424,91654000,0,0,0,0,0,,,0,0,0,0,0,52700,58000,0,0,0,0,0,0,0,0,0,4894400,0,0,0,0,0,0,0,0,0,58000,0,0,0,0,0,0,0,0,0,4894400,323100,0,0,0,0,0,0,0,0,57500,54200,4894400,16116800,0,0,0,0,0,
600726.SH,600726,20260424,91657000,0,0,0,0,0,,,0,0,0,0,0,52700,58000,0,0,0,0,0,0,0,0,0,4997500,0,0,0,0,0,0,0,0,0,58000,0,0,0,0,0,0,0,0,0,4997500,271300,0,0,0,0,0,0,0,0,57510,54220,4997500,16162600,0,0,0,0,0,
600726.SH,600726,20260424,91700000,0,0,0,0,0,,,0,0,0,0,0,52700,58000,0,0,0,0,0,0,0,0,0,5054200,0,0,0,0,0,0,0,0,0,58000,0,0,0,0,0,0,0,0,0,5054200,271100,0,0,0,0,0,0,0,0,57510,54230,5054200,16215100,0,0,0,0,0,
600726.SH,600726,20260424,91703000,0,0,0,0,0,,,0,0,0,0,0,52700,58000,0,0,0,0,0,0,0,0,0,5105200,0,0,0,0,0,0,0,0,0,58000,0,0,0,0,0,0,0,0,0,5105200,243800,0,0,0,0,0,0,0,0,57510,54230,5105200,16245400,0,0,0,0,0,
600726.SH,600726,20260424,91706000,0,0,0,0,0,,,0,0,0,0,0,52700,58000,0,0,0,0,0,0,0,0,0,5167500,0,0,0,0,0,0,0,0,0,58000,0,0,0,0,0,0,0,0,0,5167500,213500,0,0,0,0,0,0,0,0,57480,54240,5167500,16276800,0,0,0,0,0,
600726.SH,600726,20260424,91709000,0,0,0,0,0,,,0,0,0,0,0,52700,58000,0,0,0,0,0,0,0,0,0,5228700,0,0,0,0,0,0,0,0,0,58000,0,0,0,0,0,0,0,0,0,5228700,505100,0,0,0,0,0,0,0,0,57490,54320,5228700,16629400,0,0,0,0,0,
600726.SH,600726,20260424,91712000,0,0,0,0,0,,,0,0,0,0,0,52700,58000,0,0,0,0,0,0,0,0,0,5237900,0,0,0,0,0,0,0,0,0,58000,0,0,0,0,0,0,0,0,0,5237900,502100,0,0,0,0,0,0,0,0,57490,54320,5237900,16631900,0,0,0,0,0,
600726.SH,600726,20260424,91715000,0,0,0,0,0,,,0,0,0,0,0,52700,58000,0,0,0,0,0,0,0,0,0,5228400,0,0,0,0,0,0,0,0,0,58000,0,0,0,0,0,0,0,0,0,5228400,511300,0,0,0,0,0,0,0,0,57490,54330,5228400,16617400,0,0,0,0,0,
600726.SH,600726,20260424,91718000,0,0,0,0,0,,,0,0,0,0,0,52700,58000,0,0,0,0,0,0,0,0,0,5241100,0,0,0,0,0,0,0,0,0,58000,0,0,0,0,0,0,0,0,0,5241100,509600,0,0,0,0,0,0,0,0,57480,54330,5241100,16637300,0,0,0,0,0,
600726.SH,600726,20260424,91721000,0,0,0,0,0,,,0,0,0,0,0,52700,58000,0,0,0,0,0,0,0,0,0,5282100,0,0,0,0,0,0,0,0,0,58000,0,0,0,0,0,0,0,0,0,5282100,544900,0,0,0,0,0,0,0,0,57490,54350,5282100,16709800,0,0,0,0,0,
600726.SH,600726,20260424,91724000,0,0,0,0,0,,,0,0,0,0,0,52700,58000,0,0,0,0,0,0,0,0,0,4895700,390100,0,0,0,0,0,0,0,0,58000,0,0,0,0,0,0,0,0,0,4895700,0,0,0,0,0,0,0,0,0,57480,54150,5285800,15679900,0,0,0,0,0,
600726.SH,600726,20260424,91727000,0,0,0,0,0,,,0,0,0,0,0,52700,58000,0,0,0,0,0,0,0,0,0,4946400,418300,0,0,0,0,0,0,0,0,58000,0,0,0,0,0,0,0,0,0,4946400,0,0,0,0,0,0,0,0,0,57450,54160,5364700,15740200,0,0,0,0,0,
600726.SH,600726,20260424,91730000,0,0,0,0,0,,,0,0,0,0,0,52700,58000,0,0,0,0,0,0,0,0,0,4965900,369000,0,0,0,0,0,0,0,0,58000,0,0,0,0,0,0,0,0,0,4965900,0,0,0,0,0,0,0,0,0,57450,54160,5334900,15768300,0,0,0,0,0,
600726.SH,600726,20260424,91733000,0,0,0,0,0,,,0,0,0,0,0,52700,58000,0,0,0,0,0,0,0,0,0,4977700,419700,0,0,0,0,0,0,0,0,58000,0,0,0,0,0,0,0,0,0,4977700,0,0,0,0,0,0,0,0,0,57460,54160,5397400,15781600,0,0,0,0,0,
600726.SH,600726,20260424,91736000,0,0,0,0,0,,,0,0,0,0,0,52700,58000,0,0,0,0,0,0,0,0,0,4960300,597200,0,0,0,0,0,0,0,0,58000,0,0,0,0,0,0,0,0,0,4960300,0,0,0,0,0,0,0,0,0,57470,54160,5557500,15753300,0,0,0,0,0,
600726.SH,600726,20260424,91739000,0,0,0,0,0,,,0,0,0,0,0,52700,58000,0,0,0,0,0,0,0,0,0,4951800,842800,0,0,0,0,0,0,0,0,58000,0,0,0,0,0,0,0,0,0,4951800,0,0,0,0,0,0,0,0,0,57490,54160,5794600,15749300,0,0,0,0,0,
600726.SH,600726,20260424,91742000,0,0,0,0,0,,,0,0,0,0,0,52700,58000,0,0,0,0,0,0,0,0,0,4968900,915100,0,0,0,0,0,0,0,0,58000,0,0,0,0,0,0,0,0,0,4968900,0,0,0,0,0,0,0,0,0,57420,54160,5884000,15770500,0,0,0,0,0,
600726.SH,600726,20260424,91745000,0,0,0,0,0,,,0,0,0,0,0,52700,58000,0,0,0,0,0,0,0,0,0,4954100,998600,0,0,0,0,0,0,0,0,58000,0,0,0,0,0,0,0,0,0,4954100,0,0,0,0,0,0,0,0,0,57430,54160,5952700,15760900,0,0,0,0,0,
600726.SH,600726,20260424,91748000,0,0,0,0,0,,,0,0,0,0,0,52700,58000,0,0,0,0,0,0,0,0,0,4988900,1048300,0,0,0,0,0,0,0,0,58000,0,0,0,0,0,0,0,0,0,4988900,0,0,0,0,0,0,0,0,0,57430,54170,6037200,15796800,0,0,0,0,0,
600726.SH,600726,20260424,91751000,0,0,0,0,0,,,0,0,0,0,0,52700,58000,0,0,0,0,0,0,0,0,0,4998300,1080500,0,0,0,0,0,0,0,0,58000,0,0,0,0,0,0,0,0,0,4998300,0,0,0,0,0,0,0,0,0,57440,54170,6078800,15803600,0,0,0,0,0,
600726.SH,600726,20260424,91754000,0,0,0,0,0,,,0,0,0,0,0,52700,58000,0,0,0,0,0,0,0,0,0,5020000,1092400,0,0,0,0,0,0,0,0,58000,0,0,0,0,0,0,0,0,0,5020000,0,0,0,0,0,0,0,0,0,57440,54180,6112400,15819900,0,0,0,0,0,
600726.SH,600726,20260424,91757000,0,0,0,0,0,,,0,0,0,0,0,52700,58000,0,0,0,0,0,0,0,0,0,5051300,1090400,0,0,0,0,0,0,0,0,58000,0,0,0,0,0,0,0,0,0,5051300,0,0,0,0,0,0,0,0,0,57440,54180,6141700,15849100,0,0,0,0,0,
600726.SH,600726,20260424,91800000,0,0,0,0,0,,,0,0,0,0,0,52700,58000,0,0,0,0,0,0,0,0,0,5062700,1171700,0,0,0,0,0,0,0,0,58000,0,0,0,0,0,0,0,0,0,5062700,0,0,0,0,0,0,0,0,0,57370,54190,6234400,15829400,0,0,0,0,0,
600726.SH,600726,20260424,91803000,0,0,0,0,0,,,0,0,0,0,0,52700,58000,0,0,0,0,0,0,0,0,0,5123700,1174200,0,0,0,0,0,0,0,0,58000,0,0,0,0,0,0,0,0,0,5123700,0,0,0,0,0,0,0,0,0,57370,54200,6297900,15889900,0,0,0,0,0,
600726.SH,600726,20260424,91806000,0,0,0,0,0,,,0,0,0,0,0,52700,58000,0,0,0,0,0,0,0,0,0,5109000,1214300,0,0,0,0,0,0,0,0,58000,0,0,0,0,0,0,0,0,0,5109000,0,0,0,0,0,0,0,0,0,57350,54200,6323300,15873200,0,0,0,0,0,
600726.SH,600726,20260424,91809000,0,0,0,0,0,,,0,0,0,0,0,52700,58000,0,0,0,0,0,0,0,0,0,5141200,1205400,0,0,0,0,0,0,0,0,58000,0,0,0,0,0,0,0,0,0,5141200,0,0,0,0,0,0,0,0,0,57360,54210,6346600,15916100,0,0,0,0,0,
600726.SH,600726,20260424,91812000,0,0,0,0,0,,,0,0,0,0,0,52700,58000,0,0,0,0,0,0,0,0,0,5247900,1200000,0,0,0,0,0,0,0,0,58000,0,0,0,0,0,0,0,0,0,5247900,0,0,0,0,0,0,0,0,0,57370,54230,6447900,16031200,0,0,0,0,0,
600726.SH,600726,20260424,91815000,0,0,0,0,0,,,0,0,0,0,0,52700,58000,0,0,0,0,0,0,0,0,0,5291600,1207500,0,0,0,0,0,0,0,0,58000,0,0,0,0,0,0,0,0,0,5291600,0,0,0,0,0,0,0,0,0,57370,54250,6499100,16069700,0,0,0,0,0,
600726.SH,600726,20260424,91818000,0,0,0,0,0,,,0,0,0,0,0,52700,58000,0,0,0,0,0,0,0,0,0,5309100,1206900,0,0,0,0,0,0,0,0,58000,0,0,0,0,0,0,0,0,0,5309100,0,0,0,0,0,0,0,0,0,57370,54250,6516000,16088000,0,0,0,0,0,
600726.SH,600726,20260424,91821000,0,0,0,0,0,,,0,0,0,0,0,52700,58000,0,0,0,0,0,0,0,0,0,5325600,1250600,0,0,0,0,0,0,0,0,58000,0,0,0,0,0,0,0,0,0,5325600,0,0,0,0,0,0,0,0,0,57350,54250,6576200,16119500,0,0,0,0,0,
600726.SH,600726,20260424,91824000,0,0,0,0,0,,,0,0,0,0,0,52700,58000,0,0,0,0,0,0,0,0,0,5324500,1393000,0,0,0,0,0,0,0,0,58000,0,0,0,0,0,0,0,0,0,5324500,0,0,0,0,0,0,0,0,0,57350,54250,6717500,16117200,0,0,0,0,0,
600726.SH,600726,20260424,91827000,0,0,0,0,0,,,0,0,0,0,0,52700,58000,0,0,0,0,0,0,0,0,0,5340500,1447400,0,0,0,0,0,0,0,0,58000,0,0,0,0,0,0,0,0,0,5340500,0,0,0,0,0,0,0,0,0,57370,54250,6787900,16159500,0,0,0,0,0,
600726.SH,600726,20260424,91830000,0,0,0,0,0,,,0,0,0,0,0,52700,58000,0,0,0,0,0,0,0,0,0,5351400,1490800,0,0,0,0,0,0,0,0,58000,0,0,0,0,0,0,0,0,0,5351400,0,0,0,0,0,0,0,0,0,57350,54250,6842200,16191900,0,0,0,0,0,
600726.SH,600726,20260424,91833000,0,0,0,0,0,,,0,0,0,0,0,52700,58000,0,0,0,0,0,0,0,0,0,5338800,1540400,0,0,0,0,0,0,0,0,58000,0,0,0,0,0,0,0,0,0,5338800,0,0,0,0,0,0,0,0,0,57350,54240,6879200,16182400,0,0,0,0,0,
600726.SH,600726,20260424,91836000,0,0,0,0,0,,,0,0,0,0,0,52700,58000,0,0,0,0,0,0,0,0,0,5330600,1571300,0,0,0,0,0,0,0,0,58000,0,0,0,0,0,0,0,0,0,5330600,0,0,0,0,0,0,0,0,0,57340,54240,6901900,16177700,0,0,0,0,0,
600726.SH,600726,20260424,91839000,0,0,0,0,0,,,0,0,0,0,0,52700,58000,0,0,0,0,0,0,0,0,0,5317800,1655000,0,0,0,0,0,0,0,0,58000,0,0,0,0,0,0,0,0,0,5317800,0,0,0,0,0,0,0,0,0,57350,54230,6972800,16168900,0,0,0,0,0,
600726.SH,600726,20260424,91842000,0,0,0,0,0,,,0,0,0,0,0,52700,58000,0,0,0,0,0,0,0,0,0,5322400,1708400,0,0,0,0,0,0,0,0,58000,0,0,0,0,0,0,0,0,0,5322400,0,0,0,0,0,0,0,0,0,57350,54230,7030800,16177100,0,0,0,0,0,
600726.SH,600726,20260424,91845000,0,0,0,0,0,,,0,0,0,0,0,52700,58000,0,0,0,0,0,0,0,0,0,5344000,1729900,0,0,0,0,0,0,0,0,58000,0,0,0,0,0,0,0,0,0,5344000,0,0,0,0,0,0,0,0,0,57360,54240,7073900,16201600,0,0,0,0,0,
600726.SH,600726,20260424,91848000,0,0,0,0,0,,,0,0,0,0,0,52700,58000,0,0,0,0,0,0,0,0,0,5358200,1788800,0,0,0,0,0,0,0,0,58000,0,0,0,0,0,0,0,0,0,5358200,0,0,0,0,0,0,0,0,0,57360,54240,7147000,16215100,0,0,0,0,0,
600726.SH,600726,20260424,91851000,0,0,0,0,0,,,0,0,0,0,0,52700,58000,0,0,0,0,0,0,0,0,0,5367700,2211700,0,0,0,0,0,0,0,0,58000,0,0,0,0,0,0,0,0,0,5367700,0,0,0,0,0,0,0,0,0,57270,54240,7579400,16245600,0,0,0,0,0,
600726.SH,600726,20260424,91854000,0,0,0,0,0,,,0,0,0,0,0,52700,58000,0,0,0,0,0,0,0,0,0,5390600,2037200,0,0,0,0,0,0,0,0,58000,0,0,0,0,0,0,0,0,0,5390600,0,0,0,0,0,0,0,0,0,57250,54250,7427800,16273900,0,0,0,0,0,
600726.SH,600726,20260424,91857000,0,0,0,0,0,,,0,0,0,0,0,52700,58000,0,0,0,0,0,0,0,0,0,5418800,2138900,0,0,0,0,0,0,0,0,58000,0,0,0,0,0,0,0,0,0,5418800,0,0,0,0,0,0,0,0,0,57260,54250,7557700,16321300,0,0,0,0,0,
600726.SH,600726,20260424,91900000,0,0,0,0,0,,,0,0,0,0,0,52700,58000,0,0,0,0,0,0,0,0,0,5450800,2155100,0,0,0,0,0,0,0,0,58000,0,0,0,0,0,0,0,0,0,5450800,0,0,0,0,0,0,0,0,0,57270,54260,7605900,16354900,0,0,0,0,0,
600726.SH,600726,20260424,91903000,0,0,0,0,0,,,0,0,0,0,0,52700,58000,0,0,0,0,0,0,0,0,0,5477600,2183400,0,0,0,0,0,0,0,0,58000,0,0,0,0,0,0,0,0,0,5477600,0,0,0,0,0,0,0,0,0,57260,54260,7661000,16377300,0,0,0,0,0,
600726.SH,600726,20260424,91906000,0,0,0,0,0,,,0,0,0,0,0,52700,58000,0,0,0,0,0,0,0,0,0,5476800,2164500,0,0,0,0,0,0,0,0,58000,0,0,0,0,0,0,0,0,0,5476800,0,0,0,0,0,0,0,0,0,57260,54260,7641300,16383500,0,0,0,0,0,
600726.SH,600726,20260424,91909000,0,0,0,0,0,,,0,0,0,0,0,52700,58000,0,0,0,0,0,0,0,0,0,5481700,2192700,0,0,0,0,0,0,0,0,58000,0,0,0,0,0,0,0,0,0,5481700,0,0,0,0,0,0,0,0,0,57250,54260,7674400,16389200,0,0,0,0,0,
600726.SH,600726,20260424,91912000,0,0,0,0,0,,,0,0,0,0,0,52700,58000,0,0,0,0,0,0,0,0,0,5505300,2232900,0,0,0,0,0,0,0,0,58000,0,0,0,0,0,0,0,0,0,5505300,0,0,0,0,0,0,0,0,0,57250,54270,7738200,16398900,0,0,0,0,0,
600726.SH,600726,20260424,91915000,0,0,0,0,0,,,0,0,0,0,0,52700,58000,0,0,0,0,0,0,0,0,0,5436000,2346200,0,0,0,0,0,0,0,0,58000,0,0,0,0,0,0,0,0,0,5436000,0,0,0,0,0,0,0,0,0,57260,54260,7782200,16334400,0,0,0,0,0,
600726.SH,600726,20260424,91918000,0,0,0,0,0,,,0,0,0,0,0,52700,58000,0,0,0,0,0,0,0,0,0,5439300,2371400,0,0,0,0,0,0,0,0,58000,0,0,0,0,0,0,0,0,0,5439300,0,0,0,0,0,0,0,0,0,57250,54260,7810700,16351100,0,0,0,0,0,
600726.SH,600726,20260424,91921000,0,0,0,0,0,,,0,0,0,0,0,52700,58000,0,0,0,0,0,0,0,0,0,5466300,2416100,0,0,0,0,0,0,0,0,58000,0,0,0,0,0,0,0,0,0,5466300,0,0,0,0,0,0,0,0,0,57230,54260,7882400,16373400,0,0,0,0,0,
600726.SH,600726,20260424,91924000,0,0,0,0,0,,,0,0,0,0,0,52700,58000,0,0,0,0,0,0,0,0,0,5495200,2772100,0,0,0,0,0,0,0,0,58000,0,0,0,0,0,0,0,0,0,5495200,0,0,0,0,0,0,0,0,0,57260,54270,8267300,16408700,0,0,0,0,0,
600726.SH,600726,20260424,91927000,0,0,0,0,0,,,0,0,0,0,0,52700,58000,0,0,0,0,0,0,0,0,0,5499500,2804300,0,0,0,0,0,0,0,0,58000,0,0,0,0,0,0,0,0,0,5499500,0,0,0,0,0,0,0,0,0,57260,54270,8303800,16424800,0,0,0,0,0,
600726.SH,600726,20260424,91930000,0,0,0,0,0,,,0,0,0,0,0,52700,58000,0,0,0,0,0,0,0,0,0,5515500,2845600,0,0,0,0,0,0,0,0,58000,0,0,0,0,0,0,0,0,0,5515500,0,0,0,0,0,0,0,0,0,57270,54270,8361100,16450100,0,0,0,0,0,
600726.SH,600726,20260424,91933000,0,0,0,0,0,,,0,0,0,0,0,52700,58000,0,0,0,0,0,0,0,0,0,5519500,3145400,0,0,0,0,0,0,0,0,58000,0,0,0,0,0,0,0,0,0,5519500,0,0,0,0,0,0,0,0,0,57290,54270,8664900,16464700,0,0,0,0,0,
600726.SH,600726,20260424,91936000,0,0,0,0,0,,,0,0,0,0,0,52700,58000,0,0,0,0,0,0,0,0,0,5533500,3136500,0,0,0,0,0,0,0,0,58000,0,0,0,0,0,0,0,0,0,5533500,0,0,0,0,0,0,0,0,0,57290,54270,8670000,16484800,0,0,0,0,0,
600726.SH,600726,20260424,91939000,0,0,0,0,0,,,0,0,0,0,0,52700,58000,0,0,0,0,0,0,0,0,0,5523700,3198100,0,0,0,0,0,0,0,0,58000,0,0,0,0,0,0,0,0,0,5523700,0,0,0,0,0,0,0,0,0,57300,54270,8721800,16484800,0,0,0,0,0,
600726.SH,600726,20260424,91942000,0,0,0,0,0,,,0,0,0,0,0,52700,58000,0,0,0,0,0,0,0,0,0,5531100,3297300,0,0,0,0,0,0,0,0,58000,0,0,0,0,0,0,0,0,0,5531100,0,0,0,0,0,0,0,0,0,57300,54270,8828400,16573300,0,0,0,0,0,
600726.SH,600726,20260424,91945000,0,0,0,0,0,,,0,0,0,0,0,52700,58000,0,0,0,0,0,0,0,0,0,5486000,3598900,0,0,0,0,0,0,0,0,58000,0,0,0,0,0,0,0,0,0,5486000,0,0,0,0,0,0,0,0,0,57320,54260,9084900,16543400,0,0,0,0,0,
600726.SH,600726,20260424,91948000,0,0,0,0,0,,,0,0,0,0,0,52700,58000,0,0,0,0,0,0,0,0,0,5485600,3668300,0,0,0,0,0,0,0,0,58000,0,0,0,0,0,0,0,0,0,5485600,0,0,0,0,0,0,0,0,0,57300,54270,9153900,16440000,0,0,0,0,0,
600726.SH,600726,20260424,91951000,0,0,0,0,0,,,0,0,0,0,0,52700,58000,0,0,0,0,0,0,0,0,0,5503500,3688300,0,0,0,0,0,0,0,0,58000,0,0,0,0,0,0,0,0,0,5503500,0,0,0,0,0,0,0,0,0,57300,54270,9191800,16467300,0,0,0,0,0,
600726.SH,600726,20260424,91954000,0,0,0,0,0,,,0,0,0,0,0,52700,58000,0,0,0,0,0,0,0,0,0,5493200,3647800,0,0,0,0,0,0,0,0,58000,0,0,0,0,0,0,0,0,0,5493200,0,0,0,0,0,0,0,0,0,57300,54270,9141000,16483600,0,0,0,0,0,
600726.SH,600726,20260424,91957000,0,0,0,0,0,,,0,0,0,0,0,52700,58000,0,0,0,0,0,0,0,0,0,5503900,3659200,0,0,0,0,0,0,0,0,58000,0,0,0,0,0,0,0,0,0,5503900,0,0,0,0,0,0,0,0,0,57300,54270,9163100,16496200,0,0,0,0,0,
600726.SH,600726,20260424,92000000,0,0,0,0,0,,,0,0,0,0,0,52700,58000,0,0,0,0,0,0,0,0,0,5568200,3627400,0,0,0,0,0,0,0,0,58000,0,0,0,0,0,0,0,0,0,5568200,0,0,0,0,0,0,0,0,0,57310,54280,9195600,16562900,0,0,0,0,0,
600726.SH,600726,20260424,92003000,0,0,0,0,0,,,0,0,0,0,0,52700,58000,0,0,0,0,0,0,0,0,0,5583300,3709400,0,0,0,0,0,0,0,0,58000,0,0,0,0,0,0,0,0,0,5583300,0,0,0,0,0,0,0,0,0,57280,54280,9292700,16593700,0,0,0,0,0,
600726.SH,600726,20260424,92006000,0,0,0,0,0,,,0,0,0,0,0,52700,58000,0,0,0,0,0,0,0,0,0,5603100,3726800,0,0,0,0,0,0,0,0,58000,0,0,0,0,0,0,0,0,0,5603100,0,0,0,0,0,0,0,0,0,57280,54290,9329900,16623300,0,0,0,0,0,
600726.SH,600726,20260424,92009000,0,0,0,0,0,,,0,0,0,0,0,52700,58000,0,0,0,0,0,0,0,0,0,5635800,3749800,0,0,0,0,0,0,0,0,58000,0,0,0,0,0,0,0,0,0,5635800,0,0,0,0,0,0,0,0,0,57280,54290,9385600,16681400,0,0,0,0,0,
600726.SH,600726,20260424,92012000,0,0,0,0,0,,,0,0,0,0,0,52700,58000,0,0,0,0,0,0,0,0,0,5678000,3847900,0,0,0,0,0,0,0,0,58000,0,0,0,0,0,0,0,0,0,5678000,0,0,0,0,0,0,0,0,0,57290,54300,9525900,16733100,0,0,0,0,0,
600726.SH,600726,20260424,92015000,0,0,0,0,0,,,0,0,0,0,0,52700,58000,0,0,0,0,0,0,0,0,0,5715700,3905100,0,0,0,0,0,0,0,0,58000,0,0,0,0,0,0,0,0,0,5715700,0,0,0,0,0,0,0,0,0,57300,54300,9620800,16773600,0,0,0,0,0,
600726.SH,600726,20260424,92018000,0,0,0,0,0,,,0,0,0,0,0,52700,58000,0,0,0,0,0,0,0,0,0,5729400,4016600,0,0,0,0,0,0,0,0,58000,0,0,0,0,0,0,0,0,0,5729400,0,0,0,0,0,0,0,0,0,57300,54310,9746000,16791200,0,0,0,0,0,
600726.SH,600726,20260424,92021000,0,0,0,0,0,,,0,0,0,0,0,52700,58000,0,0,0,0,0,0,0,0,0,5759400,4051900,0,0,0,0,0,0,0,0,58000,0,0,0,0,0,0,0,0,0,5759400,0,0,0,0,0,0,0,0,0,57310,54310,9811300,16831500,0,0,0,0,0,
600726.SH,600726,20260424,92024000,0,0,0,0,0,,,0,0,0,0,0,52700,58000,0,0,0,0,0,0,0,0,0,5783300,4132800,0,0,0,0,0,0,0,0,58000,0,0,0,0,0,0,0,0,0,5783300,0,0,0,0,0,0,0,0,0,57310,54320,9916100,16860500,0,0,0,0,0,
600726.SH,600726,20260424,92027000,0,0,0,0,0,,,0,0,0,0,0,52700,58000,0,0,0,0,0,0,0,0,0,5798200,4182500,0,0,0,0,0,0,0,0,58000,0,0,0,0,0,0,0,0,0,5798200,0,0,0,0,0,0,0,0,0,57310,54340,9980700,17055100,0,0,0,0,0,
600726.SH,600726,20260424,92030000,0,0,0,0,0,,,0,0,0,0,0,52700,58000,0,0,0,0,0,0,0,0,0,5822000,4231800,0,0,0,0,0,0,0,0,58000,0,0,0,0,0,0,0,0,0,5822000,0,0,0,0,0,0,0,0,0,57310,54350,10053800,17087700,0,0,0,0,0,
600726.SH,600726,20260424,92033000,0,0,0,0,0,,,0,0,0,0,0,52700,58000,0,0,0,0,0,0,0,0,0,5833700,4308100,0,0,0,0,0,0,0,0,58000,0,0,0,0,0,0,0,0,0,5833700,0,0,0,0,0,0,0,0,0,57310,54350,10141800,17115100,0,0,0,0,0,
600726.SH,600726,20260424,92036000,0,0,0,0,0,,,0,0,0,0,0,52700,58000,0,0,0,0,0,0,0,0,0,5870300,4336200,0,0,0,0,0,0,0,0,58000,0,0,0,0,0,0,0,0,0,5870300,0,0,0,0,0,0,0,0,0,57320,54350,10206500,17176200,0,0,0,0,0,
600726.SH,600726,20260424,92039000,0,0,0,0,0,,,0,0,0,0,0,52700,58000,0,0,0,0,0,0,0,0,0,5908500,4344800,0,0,0,0,0,0,0,0,58000,0,0,0,0,0,0,0,0,0,5908500,0,0,0,0,0,0,0,0,0,57310,54360,10253300,17219400,0,0,0,0,0,
600726.SH,600726,20260424,92042000,0,0,0,0,0,,,0,0,0,0,0,52700,58000,0,0,0,0,0,0,0,0,0,5971200,4374000,0,0,0,0,0,0,0,0,58000,0,0,0,0,0,0,0,0,0,5971200,0,0,0,0,0,0,0,0,0,57310,54370,10345200,17285400,0,0,0,0,0,
600726.SH,600726,20260424,92045000,0,0,0,0,0,,,0,0,0,0,0,52700,58000,0,0,0,0,0,0,0,0,0,5998100,4415000,0,0,0,0,0,0,0,0,58000,0,0,0,0,0,0,0,0,0,5998100,0,0,0,0,0,0,0,0,0,57290,54380,10413100,17321600,0,0,0,0,0,
600726.SH,600726,20260424,92048000,0,0,0,0,0,,,0,0,0,0,0,52700,58000,0,0,0,0,0,0,0,0,0,6016400,4442300,0,0,0,0,0,0,0,0,58000,0,0,0,0,0,0,0,0,0,6016400,0,0,0,0,0,0,0,0,0,57280,54380,10458700,17346800,0,0,0,0,0,
600726.SH,600726,20260424,92051000,0,0,0,0,0,,,0,0,0,0,0,52700,58000,0,0,0,0,0,0,0,0,0,6052900,4448800,0,0,0,0,0,0,0,0,58000,0,0,0,0,0,0,0,0,0,6052900,0,0,0,0,0,0,0,0,0,57280,54390,10501700,17389900,0,0,0,0,0,
600726.SH,600726,20260424,92054000,0,0,0,0,0,,,0,0,0,0,0,52700,58000,0,0,0,0,0,0,0,0,0,6085700,4432200,0,0,0,0,0,0,0,0,58000,0,0,0,0,0,0,0,0,0,6085700,0,0,0,0,0,0,0,0,0,57280,54400,10517900,17433200,0,0,0,0,0,
600726.SH,600726,20260424,92057000,0,0,0,0,0,,,0,0,0,0,0,52700,58000,0,0,0,0,0,0,0,0,0,6136200,4448200,0,0,0,0,0,0,0,0,58000,0,0,0,0,0,0,0,0,0,6136200,0,0,0,0,0,0,0,0,0,57290,54410,10584400,17488000,0,0,0,0,0,
600726.SH,600726,20260424,92100000,0,0,0,0,0,,,0,0,0,0,0,52700,58000,0,0,0,0,0,0,0,0,0,6174100,4511300,0,0,0,0,0,0,0,0,58000,0,0,0,0,0,0,0,0,0,6174100,0,0,0,0,0,0,0,0,0,57280,54410,10685400,17528900,0,0,0,0,0,
600726.SH,600726,20260424,92103000,0,0,0,0,0,,,0,0,0,0,0,52700,58000,0,0,0,0,0,0,0,0,0,6233200,4479400,0,0,0,0,0,0,0,0,58000,0,0,0,0,0,0,0,0,0,6233200,0,0,0,0,0,0,0,0,0,57280,54430,10712600,17598000,0,0,0,0,0,
600726.SH,600726,20260424,92106000,0,0,0,0,0,,,0,0,0,0,0,52700,58000,0,0,0,0,0,0,0,0,0,6259100,4564200,0,0,0,0,0,0,0,0,58000,0,0,0,0,0,0,0,0,0,6259100,0,0,0,0,0,0,0,0,0,57220,54430,10823300,17634300,0,0,0,0,0,
600726.SH,600726,20260424,92109000,0,0,0,0,0,,,0,0,0,0,0,52700,58000,0,0,0,0,0,0,0,0,0,6282200,4583300,0,0,0,0,0,0,0,0,58000,0,0,0,0,0,0,0,0,0,6282200,0,0,0,0,0,0,0,0,0,57220,54430,10865500,17684200,0,0,0,0,0,
600726.SH,600726,20260424,92112000,0,0,0,0,0,,,0,0,0,0,0,52700,58000,0,0,0,0,0,0,0,0,0,6317600,4667500,0,0,0,0,0,0,0,0,58000,0,0,0,0,0,0,0,0,0,6317600,0,0,0,0,0,0,0,0,0,57230,54430,10985100,17738700,0,0,0,0,0,
600726.SH,600726,20260424,92115000,0,0,0,0,0,,,0,0,0,0,0,52700,58000,0,0,0,0,0,0,0,0,0,6350200,4681900,0,0,0,0,0,0,0,0,58000,0,0,0,0,0,0,0,0,0,6350200,0,0,0,0,0,0,0,0,0,57230,54440,11032100,17788900,0,0,0,0,0,
600726.SH,600726,20260424,92118000,0,0,0,0,0,,,0,0,0,0,0,52700,58000,0,0,0,0,0,0,0,0,0,6377000,4748000,0,0,0,0,0,0,0,0,58000,0,0,0,0,0,0,0,0,0,6377000,0,0,0,0,0,0,0,0,0,57230,54450,11125000,17821900,0,0,0,0,0,
600726.SH,600726,20260424,92121000,0,0,0,0,0,,,0,0,0,0,0,52700,58000,0,0,0,0,0,0,0,0,0,6395600,4781000,0,0,0,0,0,0,0,0,58000,0,0,0,0,0,0,0,0,0,6395600,0,0,0,0,0,0,0,0,0,57230,54450,11176600,17848300,0,0,0,0,0,
600726.SH,600726,20260424,92124000,0,0,0,0,0,,,0,0,0,0,0,52700,58000,0,0,0,0,0,0,0,0,0,6441200,4897300,0,0,0,0,0,0,0,0,58000,0,0,0,0,0,0,0,0,0,6441200,0,0,0,0,0,0,0,0,0,57230,54460,11338500,17894000,0,0,0,0,0,
600726.SH,600726,20260424,92127000,0,0,0,0,0,,,0,0,0,0,0,52700,58000,0,0,0,0,0,0,0,0,0,6481400,4931300,0,0,0,0,0,0,0,0,58000,0,0,0,0,0,0,0,0,0,6481400,0,0,0,0,0,0,0,0,0,57230,54460,11412700,17957200,0,0,0,0,0,
600726.SH,600726,20260424,92130000,0,0,0,0,0,,,0,0,0,0,0,52700,58000,0,0,0,0,0,0,0,0,0,6515600,4984900,0,0,0,0,0,0,0,0,58000,0,0,0,0,0,0,0,0,0,6515600,0,0,0,0,0,0,0,0,0,57230,54470,11500500,18031300,0,0,0,0,0,
600726.SH,600726,20260424,92133000,0,0,0,0,0,,,0,0,0,0,0,52700,58000,0,0,0,0,0,0,0,0,0,6565200,5105500,0,0,0,0,0,0,0,0,58000,0,0,0,0,0,0,0,0,0,6565200,0,0,0,0,0,0,0,0,0,57240,54480,11670700,18083400,0,0,0,0,0,
600726.SH,600726,20260424,92136000,0,0,0,0,0,,,0,0,0,0,0,52700,58000,0,0,0,0,0,0,0,0,0,6575900,5246700,0,0,0,0,0,0,0,0,58000,0,0,0,0,0,0,0,0,0,6575900,0,0,0,0,0,0,0,0,0,57250,54470,11822600,18125900,0,0,0,0,0,
600726.SH,600726,20260424,92139000,0,0,0,0,0,,,0,0,0,0,0,52700,58000,0,0,0,0,0,0,0,0,0,6596800,5436000,0,0,0,0,0,0,0,0,58000,0,0,0,0,0,0,0,0,0,6596800,0,0,0,0,0,0,0,0,0,57260,54480,12032800,18165500,0,0,0,0,0,
600726.SH,600726,20260424,92142000,0,0,0,0,0,,,0,0,0,0,0,52700,58000,0,0,0,0,0,0,0,0,0,6637900,5494900,0,0,0,0,0,0,0,0,58000,0,0,0,0,0,0,0,0,0,6637900,0,0,0,0,0,0,0,0,0,57260,54490,12132800,18210600,0,0,0,0,0,
600726.SH,600726,20260424,92145000,0,0,0,0,0,,,0,0,0,0,0,52700,58000,0,0,0,0,0,0,0,0,0,6668200,5771700,0,0,0,0,0,0,0,0,58000,0,0,0,0,0,0,0,0,0,6668200,0,0,0,0,0,0,0,0,0,57170,54490,12439900,18248400,0,0,0,0,0,
600726.SH,600726,20260424,92148000,0,0,0,0,0,,,0,0,0,0,0,52700,58000,0,0,0,0,0,0,0,0,0,6688200,5900400,0,0,0,0,0,0,0,0,58000,0,0,0,0,0,0,0,0,0,6688200,0,0,0,0,0,0,0,0,0,57180,54490,12588600,18349800,0,0,0,0,0,
600726.SH,600726,20260424,92151000,0,0,0,0,0,,,0,0,0,0,0,52700,58000,0,0,0,0,0,0,0,0,0,6705600,6348400,0,0,0,0,0,0,0,0,58000,0,0,0,0,0,0,0,0,0,6705600,0,0,0,0,0,0,0,0,0,57170,54500,13054000,18374000,0,0,0,0,0,
600726.SH,600726,20260424,92154000,0,0,0,0,0,,,0,0,0,0,0,52700,58000,0,0,0,0,0,0,0,0,0,6762800,6349700,0,0,0,0,0,0,0,0,58000,0,0,0,0,0,0,0,0,0,6762800,0,0,0,0,0,0,0,0,0,57170,54510,13112500,18435400,0,0,0,0,0,
600726.SH,600726,20260424,92157000,0,0,0,0,0,,,0,0,0,0,0,52700,58000,0,0,0,0,0,0,0,0,0,6778100,6378400,0,0,0,0,0,0,0,0,58000,0,0,0,0,0,0,0,0,0,6778100,0,0,0,0,0,0,0,0,0,57170,54510,13156500,18454700,0,0,0,0,0,
600726.SH,600726,20260424,92200000,0,0,0,0,0,,,0,0,0,0,0,52700,58000,0,0,0,0,0,0,0,0,0,6809100,6489500,0,0,0,0,0,0,0,0,58000,0,0,0,0,0,0,0,0,0,6809100,0,0,0,0,0,0,0,0,0,57180,54510,13298600,18491100,0,0,0,0,0,
600726.SH,600726,20260424,92203000,0,0,0,0,0,,,0,0,0,0,0,52700,58000,0,0,0,0,0,0,0,0,0,6864500,6517100,0,0,0,0,0,0,0,0,58000,0,0,0,0,0,0,0,0,0,6864500,0,0,0,0,0,0,0,0,0,57180,54520,13381600,18561300,0,0,0,0,0,
600726.SH,600726,20260424,92206000,0,0,0,0,0,,,0,0,0,0,0,52700,58000,0,0,0,0,0,0,0,0,0,6886000,6572600,0,0,0,0,0,0,0,0,58000,0,0,0,0,0,0,0,0,0,6886000,0,0,0,0,0,0,0,0,0,57160,54530,13458600,18588100,0,0,0,0,0,
600726.SH,600726,20260424,92209000,0,0,0,0,0,,,0,0,0,0,0,52700,58000,0,0,0,0,0,0,0,0,0,6900700,6643500,0,0,0,0,0,0,0,0,58000,0,0,0,0,0,0,0,0,0,6900700,0,0,0,0,0,0,0,0,0,57160,54520,13544200,18641900,0,0,0,0,0,
600726.SH,600726,20260424,92212000,0,0,0,0,0,,,0,0,0,0,0,52700,58000,0,0,0,0,0,0,0,0,0,6923800,6680500,0,0,0,0,0,0,0,0,58000,0,0,0,0,0,0,0,0,0,6923800,0,0,0,0,0,0,0,0,0,57160,54530,13604300,18671900,0,0,0,0,0,
600726.SH,600726,20260424,92215000,0,0,0,0,0,,,0,0,0,0,0,52700,58000,0,0,0,0,0,0,0,0,0,6972000,6716600,0,0,0,0,0,0,0,0,58000,0,0,0,0,0,0,0,0,0,6972000,0,0,0,0,0,0,0,0,0,57150,54530,13688600,18744800,0,0,0,0,0,
600726.SH,600726,20260424,92218000,0,0,0,0,0,,,0,0,0,0,0,52700,58000,0,0,0,0,0,0,0,0,0,6995600,6750200,0,0,0,0,0,0,0,0,58000,0,0,0,0,0,0,0,0,0,6995600,0,0,0,0,0,0,0,0,0,57150,54540,13745800,18778000,0,0,0,0,0,
600726.SH,600726,20260424,92221000,0,0,0,0,0,,,0,0,0,0,0,52700,58000,0,0,0,0,0,0,0,0,0,7038200,6814700,0,0,0,0,0,0,0,0,58000,0,0,0,0,0,0,0,0,0,7038200,0,0,0,0,0,0,0,0,0,57160,54540,13852900,18833500,0,0,0,0,0,
600726.SH,600726,20260424,92224000,0,0,0,0,0,,,0,0,0,0,0,52700,58000,0,0,0,0,0,0,0,0,0,7051500,6849000,0,0,0,0,0,0,0,0,58000,0,0,0,0,0,0,0,0,0,7051500,0,0,0,0,0,0,0,0,0,57160,54550,13900500,18854600,0,0,0,0,0,
600726.SH,600726,20260424,92227000,0,0,0,0,0,,,0,0,0,0,0,52700,58000,0,0,0,0,0,0,0,0,0,7093500,6911200,0,0,0,0,0,0,0,0,58000,0,0,0,0,0,0,0,0,0,7093500,0,0,0,0,0,0,0,0,0,57160,54550,14004700,18905800,0,0,0,0,0,
600726.SH,600726,20260424,92230000,0,0,0,0,0,,,0,0,0,0,0,52700,58000,0,0,0,0,0,0,0,0,0,7112300,6936700,0,0,0,0,0,0,0,0,58000,0,0,0,0,0,0,0,0,0,7112300,0,0,0,0,0,0,0,0,0,57160,54560,14049000,18930600,0,0,0,0,0,
600726.SH,600726,20260424,92233000,0,0,0,0,0,,,0,0,0,0,0,52700,58000,0,0,0,0,0,0,0,0,0,7153800,7010400,0,0,0,0,0,0,0,0,58000,0,0,0,0,0,0,0,0,0,7153800,0,0,0,0,0,0,0,0,0,57160,54560,14164200,18976400,0,0,0,0,0,
600726.SH,600726,20260424,92236000,0,0,0,0,0,,,0,0,0,0,0,52700,58000,0,0,0,0,0,0,0,0,0,7201200,7159900,0,0,0,0,0,0,0,0,58000,0,0,0,0,0,0,0,0,0,7201200,0,0,0,0,0,0,0,0,0,57170,54570,14361100,19047100,0,0,0,0,0,
600726.SH,600726,20260424,92239000,0,0,0,0,0,,,0,0,0,0,0,52700,58000,0,0,0,0,0,0,0,0,0,7346600,7085200,0,0,0,0,0,0,0,0,58000,0,0,0,0,0,0,0,0,0,7346600,0,0,0,0,0,0,0,0,0,57170,54600,14431800,19212100,0,0,0,0,0,
600726.SH,600726,20260424,92242000,0,0,0,0,0,,,0,0,0,0,0,52700,58000,0,0,0,0,0,0,0,0,0,7512100,7035500,0,0,0,0,0,0,0,0,58000,0,0,0,0,0,0,0,0,0,7512100,0,0,0,0,0,0,0,0,0,57150,54620,14547600,19384400,0,0,0,0,0,
600726.SH,600726,20260424,92245000,0,0,0,0,0,,,0,0,0,0,0,52700,58000,0,0,0,0,0,0,0,0,0,7587900,7258500,0,0,0,0,0,0,0,0,58000,0,0,0,0,0,0,0,0,0,7587900,0,0,0,0,0,0,0,0,0,57150,54640,14846400,19470400,0,0,0,0,0,
600726.SH,600726,20260424,92248000,0,0,0,0,0,,,0,0,0,0,0,52700,58000,0,0,0,0,0,0,0,0,0,7633200,7313900,0,0,0,0,0,0,0,0,58000,0,0,0,0,0,0,0,0,0,7633200,0,0,0,0,0,0,0,0,0,57150,54640,14947100,19534600,0,0,0,0,0,
600726.SH,600726,20260424,92251000,0,0,0,0,0,,,0,0,0,0,0,52700,58000,0,0,0,0,0,0,0,0,0,7834500,7282900,0,0,0,0,0,0,0,0,58000,0,0,0,0,0,0,0,0,0,7834500,0,0,0,0,0,0,0,0,0,57130,54670,15117400,19770200,0,0,0,0,0,
600726.SH,600726,20260424,92254000,0,0,0,0,0,,,0,0,0,0,0,52700,58000,0,0,0,0,0,0,0,0,0,7890400,7317200,0,0,0,0,0,0,0,0,58000,0,0,0,0,0,0,0,0,0,7890400,0,0,0,0,0,0,0,0,0,57140,54680,15207600,19828300,0,0,0,0,0,
600726.SH,600726,20260424,92257000,0,0,0,0,0,,,0,0,0,0,0,52700,58000,0,0,0,0,0,0,0,0,0,7900900,7395800,0,0,0,0,0,0,0,0,58000,0,0,0,0,0,0,0,0,0,7900900,0,0,0,0,0,0,0,0,0,57140,54680,15296700,19842800,0,0,0,0,0,
600726.SH,600726,20260424,92300000,0,0,0,0,0,,,0,0,0,0,0,52700,58000,0,0,0,0,0,0,0,0,0,7955500,7451100,0,0,0,0,0,0,0,0,58000,0,0,0,0,0,0,0,0,0,7955500,0,0,0,0,0,0,0,0,0,57120,54690,15406600,19905900,0,0,0,0,0,
600726.SH,600726,20260424,92303000,0,0,0,0,0,,,0,0,0,0,0,52700,58000,0,0,0,0,0,0,0,0,0,8007000,7527700,0,0,0,0,0,0,0,0,58000,0,0,0,0,0,0,0,0,0,8007000,0,0,0,0,0,0,0,0,0,57130,54680,15534700,20161300,0,0,0,0,0,
600726.SH,600726,20260424,92306000,0,0,0,0,0,,,0,0,0,0,0,52700,58000,0,0,0,0,0,0,0,0,0,8040300,7643800,0,0,0,0,0,0,0,0,58000,0,0,0,0,0,0,0,0,0,8040300,0,0,0,0,0,0,0,0,0,57120,54690,15684100,20199600,0,0,0,0,0,
600726.SH,600726,20260424,92309000,0,0,0,0,0,,,0,0,0,0,0,52700,58000,0,0,0,0,0,0,0,0,0,8076600,7706300,0,0,0,0,0,0,0,0,58000,0,0,0,0,0,0,0,0,0,8076600,0,0,0,0,0,0,0,0,0,57110,54690,15782900,20252100,0,0,0,0,0,
600726.SH,600726,20260424,92312000,0,0,0,0,0,,,0,0,0,0,0,52700,58000,0,0,0,0,0,0,0,0,0,8125000,7964900,0,0,0,0,0,0,0,0,58000,0,0,0,0,0,0,0,0,0,8125000,0,0,0,0,0,0,0,0,0,57090,54700,16089900,20327800,0,0,0,0,0,
600726.SH,600726,20260424,92315000,0,0,0,0,0,,,0,0,0,0,0,52700,58000,0,0,0,0,0,0,0,0,0,8162900,8034800,0,0,0,0,0,0,0,0,58000,0,0,0,0,0,0,0,0,0,8162900,0,0,0,0,0,0,0,0,0,57090,54700,16197700,20383500,0,0,0,0,0,
600726.SH,600726,20260424,92318000,0,0,0,0,0,,,0,0,0,0,0,52700,58000,0,0,0,0,0,0,0,0,0,8271900,8084200,0,0,0,0,0,0,0,0,58000,0,0,0,0,0,0,0,0,0,8271900,0,0,0,0,0,0,0,0,0,57070,54720,16356100,20500200,0,0,0,0,0,
600726.SH,600726,20260424,92321000,0,0,0,0,0,,,0,0,0,0,0,52700,58000,0,0,0,0,0,0,0,0,0,8307400,8190800,0,0,0,0,0,0,0,0,58000,0,0,0,0,0,0,0,0,0,8307400,0,0,0,0,0,0,0,0,0,57070,54720,16498200,20545700,0,0,0,0,0,
600726.SH,600726,20260424,92324000,0,0,0,0,0,,,0,0,0,0,0,52700,58000,0,0,0,0,0,0,0,0,0,8338600,8553900,0,0,0,0,0,0,0,0,58000,0,0,0,0,0,0,0,0,0,8338600,0,0,0,0,0,0,0,0,0,57060,54730,16892500,20580200,0,0,0,0,0,
600726.SH,600726,20260424,92327000,0,0,0,0,0,,,0,0,0,0,0,52700,58000,0,0,0,0,0,0,0,0,0,8407400,8655500,0,0,0,0,0,0,0,0,58000,0,0,0,0,0,0,0,0,0,8407400,0,0,0,0,0,0,0,0,0,57040,54740,17062900,20656800,0,0,0,0,0,
600726.SH,600726,20260424,92330000,0,0,0,0,0,,,0,0,0,0,0,52700,58000,0,0,0,0,0,0,0,0,0,8430700,8713500,0,0,0,0,0,0,0,0,58000,0,0,0,0,0,0,0,0,0,8430700,0,0,0,0,0,0,0,0,0,57040,54740,17144200,20696400,0,0,0,0,0,
600726.SH,600726,20260424,92333000,0,0,0,0,0,,,0,0,0,0,0,52700,58000,0,0,0,0,0,0,0,0,0,8461500,8791600,0,0,0,0,0,0,0,0,58000,0,0,0,0,0,0,0,0,0,8461500,0,0,0,0,0,0,0,0,0,57030,54750,17253100,20731700,0,0,0,0,0,
600726.SH,600726,20260424,92336000,0,0,0,0,0,,,0,0,0,0,0,52700,58000,0,0,0,0,0,0,0,0,0,8521700,8821000,0,0,0,0,0,0,0,0,58000,0,0,0,0,0,0,0,0,0,8521700,0,0,0,0,0,0,0,0,0,57020,54760,17342700,20809200,0,0,0,0,0,
600726.SH,600726,20260424,92339000,0,0,0,0,0,,,0,0,0,0,0,52700,58000,0,0,0,0,0,0,0,0,0,8545300,8991000,0,0,0,0,0,0,0,0,58000,0,0,0,0,0,0,0,0,0,8545300,0,0,0,0,0,0,0,0,0,57020,54760,17536300,20833400,0,0,0,0,0,
600726.SH,600726,20260424,92342000,0,0,0,0,0,,,0,0,0,0,0,52700,58000,0,0,0,0,0,0,0,0,0,8614100,9324200,0,0,0,0,0,0,0,0,58000,0,0,0,0,0,0,0,0,0,8614100,0,0,0,0,0,0,0,0,0,56860,54740,17938300,20988000,0,0,0,0,0,
600726.SH,600726,20260424,92345000,0,0,0,0,0,,,0,0,0,0,0,52700,58000,0,0,0,0,0,0,0,0,0,8648000,9473800,0,0,0,0,0,0,0,0,58000,0,0,0,0,0,0,0,0,0,8648000,0,0,0,0,0,0,0,0,0,56860,54750,18121800,21046700,0,0,0,0,0,
600726.SH,600726,20260424,92348000,0,0,0,0,0,,,0,0,0,0,0,52700,58000,0,0,0,0,0,0,0,0,0,8711400,9699500,0,0,0,0,0,0,0,0,58000,0,0,0,0,0,0,0,0,0,8711400,0,0,0,0,0,0,0,0,0,56860,54760,18410900,21114100,0,0,0,0,0,
600726.SH,600726,20260424,92351000,0,0,0,0,0,,,0,0,0,0,0,52700,58000,0,0,0,0,0,0,0,0,0,8819100,9673000,0,0,0,0,0,0,0,0,58000,0,0,0,0,0,0,0,0,0,8819100,0,0,0,0,0,0,0,0,0,56850,54780,18492100,21235100,0,0,0,0,0,
600726.SH,600726,20260424,92354000,0,0,0,0,0,,,0,0,0,0,0,52700,58000,0,0,0,0,0,0,0,0,0,8891400,9691200,0,0,0,0,0,0,0,0,58000,0,0,0,0,0,0,0,0,0,8891400,0,0,0,0,0,0,0,0,0,56850,54790,18582600,21330000,0,0,0,0,0,
600726.SH,600726,20260424,92357000,0,0,0,0,0,,,0,0,0,0,0,52700,58000,0,0,0,0,0,0,0,0,0,8965100,9738500,0,0,0,0,0,0,0,0,58000,0,0,0,0,0,0,0,0,0,8965100,0,0,0,0,0,0,0,0,0,56850,54800,18703600,21406600,0,0,0,0,0,
600726.SH,600726,20260424,92400000,0,0,0,0,0,,,0,0,0,0,0,52700,58000,0,0,0,0,0,0,0,0,0,9043200,9831500,0,0,0,0,0,0,0,0,58000,0,0,0,0,0,0,0,0,0,9043200,0,0,0,0,0,0,0,0,0,56830,54810,18874700,21495700,0,0,0,0,0,
600726.SH,600726,20260424,92403000,0,0,0,0,0,,,0,0,0,0,0,52700,58000,0,0,0,0,0,0,0,0,0,9084500,9878000,0,0,0,0,0,0,0,0,58000,0,0,0,0,0,0,0,0,0,9084500,0,0,0,0,0,0,0,0,0,56820,54810,18962500,21538200,0,0,0,0,0,
600726.SH,600726,20260424,92406000,0,0,0,0,0,,,0,0,0,0,0,52700,58000,0,0,0,0,0,0,0,0,0,9122600,10420200,0,0,0,0,0,0,0,0,58000,0,0,0,0,0,0,0,0,0,9122600,0,0,0,0,0,0,0,0,0,56640,54820,19542800,21596300,0,0,0,0,0,
600726.SH,600726,20260424,92409000,0,0,0,0,0,,,0,0,0,0,0,52700,58000,0,0,0,0,0,0,0,0,0,9261200,10450400,0,0,0,0,0,0,0,0,58000,0,0,0,0,0,0,0,0,0,9261200,0,0,0,0,0,0,0,0,0,56620,54840,19711600,21747200,0,0,0,0,0,
600726.SH,600726,20260424,92412000,0,0,0,0,0,,,0,0,0,0,0,52700,58000,0,0,0,0,0,0,0,0,0,9314200,10684700,0,0,0,0,0,0,0,0,58000,0,0,0,0,0,0,0,0,0,9314200,0,0,0,0,0,0,0,0,0,56620,54840,19998900,21816600,0,0,0,0,0,
600726.SH,600726,20260424,92415000,0,0,0,0,0,,,0,0,0,0,0,52700,58000,0,0,0,0,0,0,0,0,0,9378900,10835400,0,0,0,0,0,0,0,0,58000,0,0,0,0,0,0,0,0,0,9378900,0,0,0,0,0,0,0,0,0,56600,54850,20214300,21900600,0,0,0,0,0,
600726.SH,600726,20260424,92418000,0,0,0,0,0,,,0,0,0,0,0,52700,58000,0,0,0,0,0,0,0,0,0,9450900,11014200,0,0,0,0,0,0,0,0,58000,0,0,0,0,0,0,0,0,0,9450900,0,0,0,0,0,0,0,0,0,56580,54860,20465100,21977100,0,0,0,0,0,
600726.SH,600726,20260424,92421000,0,0,0,0,0,,,0,0,0,0,0,52700,58000,0,0,0,0,0,0,0,0,0,9513800,11322900,0,0,0,0,0,0,0,0,58000,0,0,0,0,0,0,0,0,0,9513800,0,0,0,0,0,0,0,0,0,56560,54870,20836700,22088800,0,0,0,0,0,
600726.SH,600726,20260424,92424000,0,0,0,0,0,,,0,0,0,0,0,52700,58000,0,0,0,0,0,0,0,0,0,9545800,11559800,0,0,0,0,0,0,0,0,58000,0,0,0,0,0,0,0,0,0,9545800,0,0,0,0,0,0,0,0,0,56530,54870,21105600,22123600,0,0,0,0,0,
600726.SH,600726,20260424,92427000,0,0,0,0,0,,,0,0,0,0,0,52700,58000,0,0,0,0,0,0,0,0,0,9589900,12141200,0,0,0,0,0,0,0,0,58000,0,0,0,0,0,0,0,0,0,9589900,0,0,0,0,0,0,0,0,0,56430,54880,21731100,22190100,0,0,0,0,0,
600726.SH,600726,20260424,92430000,0,0,0,0,0,,,0,0,0,0,0,52700,58000,0,0,0,0,0,0,0,0,0,9641400,12582900,0,0,0,0,0,0,0,0,58000,0,0,0,0,0,0,0,0,0,9641400,0,0,0,0,0,0,0,0,0,56380,54890,22224300,22278200,0,0,0,0,0,
600726.SH,600726,20260424,92433000,0,0,0,0,0,,,0,0,0,0,0,52700,57800,0,0,0,0,0,0,0,0,0,9892700,139700,0,0,0,0,0,0,0,0,57800,0,0,0,0,0,0,0,0,0,9892700,0,0,0,0,0,0,0,0,0,56260,54900,24462800,22356800,0,0,0,0,0,
600726.SH,600726,20260424,92436000,0,0,0,0,0,,,0,0,0,0,0,52700,57800,0,0,0,0,0,0,0,0,0,9952600,230900,0,0,0,0,0,0,0,0,57800,0,0,0,0,0,0,0,0,0,9952600,0,0,0,0,0,0,0,0,0,56230,54900,24747800,22430800,0,0,0,0,0,
600726.SH,600726,20260424,92439000,0,0,0,0,0,,,0,0,0,0,0,52700,57500,0,0,0,0,0,0,0,0,0,10079000,0,0,0,0,0,0,0,0,0,57500,0,0,0,0,0,0,0,0,0,10079000,15400,0,0,0,0,0,0,0,0,56030,54910,25659200,22490300,0,0,0,0,0,
600726.SH,600726,20260424,92442000,0,0,0,0,0,,,0,0,0,0,0,52700,57400,0,0,0,0,0,0,0,0,0,10114000,38000,0,0,0,0,0,0,0,0,57400,0,0,0,0,0,0,0,0,0,10114000,0,0,0,0,0,0,0,0,0,56010,54910,26035293,22522400,0,0,0,0,0,
600726.SH,600726,20260424,92445000,0,0,0,0,0,,,0,0,0,0,0,52700,57000,0,0,0,0,0,0,0,0,0,10342400,0,0,0,0,0,0,0,0,0,57000,0,0,0,0,0,0,0,0,0,10342400,42000,0,0,0,0,0,0,0,0,55970,54920,26632093,22597600,0,0,0,0,0,
600726.SH,600726,20260424,92448000,0,0,0,0,0,,,0,0,0,0,0,52700,57000,0,0,0,0,0,0,0,0,0,10425600,153600,0,0,0,0,0,0,0,0,57000,0,0,0,0,0,0,0,0,0,10425600,0,0,0,0,0,0,0,0,0,55960,54920,26957493,22681400,0,0,0,0,0,
600726.SH,600726,20260424,92451000,0,0,0,0,0,,,0,0,0,0,0,52700,56900,0,0,0,0,0,0,0,0,0,10574800,113000,0,0,0,0,0,0,0,0,56900,0,0,0,0,0,0,0,0,0,10574800,0,0,0,0,0,0,0,0,0,55940,54940,27533193,22873800,0,0,0,0,0,
600726.SH,600726,20260424,92454000,0,0,0,0,0,,,0,0,0,0,0,52700,56700,0,0,0,0,0,0,0,0,0,10774900,34400,0,0,0,0,0,0,0,0,56700,0,0,0,0,0,0,0,0,0,10774900,0,0,0,0,0,0,0,0,0,55900,54950,29301793,22961100,0,0,0,0,0,
600726.SH,600726,20260424,92457000,0,0,0,0,0,,,0,0,0,0,0,52700,56000,0,0,0,0,0,0,0,0,0,11419400,0,0,0,0,0,0,0,0,0,56000,0,0,0,0,0,0,0,0,0,11419400,116200,0,0,0,0,0,0,0,0,55800,54960,31414593,23073100,0,0,0,0,0,
600726.SH,600726,20260424,92500000,55300,12455100,68876703,6117,0,,,12455100,68876703,55300,55300,55300,52700,55300,55400,55500,55600,55700,55800,55900,56000,56100,56200,232300,27500,70600,3073300,488100,87900,2967300,1140900,18500,64900,55200,55100,55000,54900,54800,54700,54600,54500,54400,54300,16300,107100,257400,4400,26300,12000,27100,43100,9000,46600,57180,51940,28323193,11087700,0,0,0,0,0,
600726.SH,600726,20260424,93000000,55700,5931700,32890264,6678,0,,,18386800,101766967,55800,54500,55300,52700,55800,55900,56000,56100,56200,56300,56400,56500,56600,56700,71800,3007200,1055400,27200,64600,694600,227600,130500,119500,101100,55700,55600,55500,55400,55300,55200,54900,54800,54500,54400,433100,2000,25900,360100,7400,1300,8800,200,32300,9000,57430,52130,24239393,11900700,0,0,0,0,0,
600726.SH,600726,20260424,93003000,55400,1024900,5705580,6940,0,,,19411700,107472547,55900,54500,55300,52700,55600,55900,56000,56100,56200,56300,56400,56500,56600,56700,16400,2997100,1080500,31100,64600,694600,235400,132200,86500,78000,55400,55300,55200,55100,55000,54900,54800,54700,54600,54500,392100,363400,10900,3600,22400,9600,25900,4400,5400,45200,57430,52120,23694293,12116000,0,0,0,0,0,
600726.SH,600726,20260424,93006000,54900,5806800,32066092,8525,0,,,25218500,139538639,55900,54300,55300,52700,54900,55000,55100,55200,55300,55400,55500,55600,55700,55800,362400,682400,38700,288900,55300,55800,58700,13300,10000,46300,54800,54700,54600,54500,54400,54300,54200,54100,54000,53900,3600,500,128800,100,1200,26300,153300,60800,325700,24400,57320,51970,23878193,12224600,0,0,0,0,0,
600726.SH,600726,20260424,93009000,54900,3303800,18189815,10005,0,,,28522300,157728454,55900,54300,55300,52700,54900,55000,55100,55200,55500,55600,55700,55800,55900,56000,366800,37000,6300,4400,63600,90300,29900,188800,2029500,1068200,54800,54700,54600,54500,54400,54300,54200,54100,54000,53900,300,4400,22600,55800,12400,41500,267500,75900,348900,29200,57410,51990,22066100,12693300,0,0,0,0,0,
600726.SH,600726,20260424,93012000,55800,3594000,19940804,11143,0,,,32116300,177669258,55900,54300,55300,52700,55900,56000,56100,56200,56300,56400,56500,56600,56700,56800,1346700,1024600,18200,26100,356100,271500,116100,58300,109500,357800,55800,55400,55300,55200,55100,55000,54900,54800,54700,54600,165700,842800,307600,29600,21100,115300,7100,36100,4700,266900,57550,52400,19960400,15005400,0,0,0,0,0,
600726.SH,600726,20260424,93015000,55500,1655700,9223710,11784,0,,,33772000,186892968,55900,54300,55300,52700,55900,56000,56100,56200,56300,56400,56500,56600,56700,56800,862300,1078000,20000,26300,360300,265100,124400,54300,114400,375200,55800,55400,55300,55200,55100,55000,54900,54800,54700,54600,400,843400,1550800,89900,55900,182900,12600,96700,43500,268700,57590,52650,19589600,17345500,0,0,0,0,0,
600726.SH,600726,20260424,93018000,55600,2234300,12405259,12599,0,,,36006300,199298227,55900,54300,55300,52700,55600,55700,55900,56000,56100,56200,56300,56400,56500,56600,100000,3500,519800,1106800,20000,33700,357900,265100,141300,57100,55400,55300,55200,55100,55000,54900,54800,54700,54600,54500,87200,2835800,444800,72100,398200,64400,167800,45700,274800,166400,57600,52790,19452600,19427500,0,0,0,0,0,
600726.SH,600726,20260424,93021000,55500,2147000,11903040,13787,0,,,38153300,211201267,55900,54300,55300,52700,55700,55900,56000,56100,56200,56300,56400,56500,56600,56700,300,394400,1148200,21400,33800,361400,260000,145200,58800,137600,55500,55400,55300,55200,55100,55000,54900,54800,54700,54600,400,800,3042400,489400,116700,575800,167600,184400,155300,311400,57620,52870,19759600,20854300,0,0,0,0,0,
600726.SH,600726,20260424,93024000,55800,3302100,18318900,15018,0,,,41455400,229520167,56000,54300,55300,52700,55800,55900,56000,56100,56200,56300,56400,56500,56600,56700,57600,19500,950200,21300,44200,61100,297700,147400,62800,129600,55400,55300,55200,55100,55000,54900,54800,54700,54600,54500,200,2281300,300200,131900,923900,947300,224300,305000,327100,204900,57680,52890,18993400,22234500,0,0,0,0,0,
600726.SH,600726,20260424,93027000,55900,1555400,8646185,15886,0,,,43010800,238166352,56000,54300,55300,52700,56000,56100,56200,56300,56400,56500,56600,56700,56800,56900,815000,24200,59200,63400,300100,145800,67500,129600,407500,883700,55900,55800,55600,55500,55400,55300,55200,55100,55000,54900,200,1000,35500,7800,3300,2583700,326400,189600,1139700,1337300,57700,52980,19032900,23847700,0,0,0,0,0,
600726.SH,600726,20260424,93030000,56000,1418700,7923002,16481,0,,,44429500,246089354,56000,54300,55300,52700,56000,56100,56200,56300,56400,56500,56600,56700,56800,56900,678600,25700,59500,63600,301000,222000,72900,131300,406300,883700,55900,55800,55700,55600,55500,55400,55300,55200,55100,55000,115400,93900,25200,123900,68400,64100,3190400,342000,158900,1215400,57710,53100,19144200,25559300,0,0,0,0,0,
600726.SH,600726,20260424,93033000,55500,2243300,12477775,17462,0,,,46672800,258567129,56000,54300,55300,52700,55500,55600,55700,55800,55900,56000,56100,56200,56300,56400,841400,4100,4600,101400,18000,595200,27800,60300,86900,300500,55400,55300,55200,55100,55000,54900,54800,54700,54600,54500,110300,3925100,365100,172900,1035300,879000,280800,357400,381700,384300,57610,53030,20296600,25884800,0,0,0,0,0,
600726.SH,600726,20260424,93036000,55900,2541900,14140060,18672,0,,,49214700,272707189,56000,54300,55300,52700,56000,56100,56200,56300,56400,56500,56600,56700,56800,56900,119600,26600,58400,59500,294200,212900,65600,130500,446800,811000,55900,55800,55700,55600,55500,55400,55300,55200,55100,55000,134200,40200,6000,40400,14400,1800,4035100,352600,187400,1109100,57760,53030,18813600,26265900,0,0,0,0,0,
600726.SH,600726,20260424,93039000,56000,1383400,7751015,19389,0,,,50598100,280458204,56400,54300,55300,52700,56400,56500,56600,56700,56800,56900,57000,57100,57200,57300,223600,211400,60600,130600,454700,809400,488700,81300,47500,168900,56000,55900,55800,55700,55600,55500,55400,55300,55200,55100,54500,781100,332600,268500,346000,182400,126100,4396600,383300,228500,57790,53210,18660800,28309100,0,0,0,0,0,
600726.SH,600726,20260424,93042000,56000,1223300,6868717,19942,0,,,51821400,287326921,56400,54300,55300,52700,56400,56500,56600,56700,56800,56900,57000,57100,57200,57300,35400,214500,60800,131900,452600,809400,486800,79000,55500,166500,56000,55900,55800,55700,55600,55500,55400,55300,55200,55100,913900,1078200,461300,327600,528200,509100,243600,4640900,402100,209500,57800,53390,18469500,30768800,0,0,0,0,0,
600726.SH,600726,20260424,93045000,56500,1330000,7473449,20550,0,,,53151400,294800370,56500,54300,55300,52700,56600,56700,56800,56900,57000,57100,57200,57300,57400,57500,65700,132900,442100,797200,463000,79000,65500,165400,105700,606400,56500,56400,56300,56200,56100,56000,55900,55800,55700,55600,62900,900,200,100,2300,1050000,1289500,663200,383300,742400,57820,53490,18274400,32986800,0,0,0,0,0,
600726.SH,600726,20260424,93048000,56000,1736500,9780187,21262,0,,,54887900,304580557,56800,54300,55300,52700,56800,56900,57000,57100,57200,57300,57400,57500,57600,57700,372400,806100,450400,81500,68800,164900,110000,606400,172200,216700,56400,56100,56000,55900,55800,55700,55600,55500,55400,55300,11200,100,3099600,1532000,846900,513500,780800,1492100,379700,4666300,57840,53690,17840200,35994200,0,0,0,0,0,
600726.SH,600726,20260424,93051000,56400,1720000,9715644,22062,0,,,56607900,314296201,56800,54300,55300,52700,56400,56500,56600,56700,56800,56900,57000,57100,57200,57300,1377400,11200,40400,900,65900,811800,423900,81500,72200,164900,56200,56100,56000,55900,55800,55700,55600,55500,55400,55300,37800,157000,4027800,1682800,837600,858300,989500,1653200,425000,4586300,57750,53760,19019000,38360400,0,0,0,0,0,
600726.SH,600726,20260424,93054000,56500,3194600,17963133,23260,0,,,59802500,332259334,56800,54300,55300,52700,56500,56600,56700,56800,56900,57000,57100,57200,57300,57400,62600,69000,125400,1099700,864500,417300,72600,86400,164900,102400,56400,56000,55900,55800,55700,55600,55500,55400,55300,55200,3300,3333100,1920000,845100,468200,921900,1525200,477300,4486000,475500,57780,53690,18888100,37109900,0,0,0,0,0,
600726.SH,600726,20260424,93057000,56500,2694300,15230566,24558,0,,,62496800,347489900,56800,54300,55300,52700,56800,56900,57000,57100,57200,57300,57400,57500,57600,57700,569093,846700,415700,72600,87900,134900,107300,580500,173100,141800,56500,56400,56300,56200,56100,56000,55900,55800,55700,55600,7700,114000,1500,13200,11700,3745000,1935000,862500,482400,755600,57830,53710,18101993,37435500,0,0,0,0,0,
600726.SH,600726,20260424,93100000,56500,2074993,11751068,25660,0,,,64571793,359240968,56900,54300,55300,52700,56600,56700,56800,56900,57000,57100,57200,57300,57400,57500,84000,2300,1300,744400,422400,60200,87000,131900,105600,605400,56500,56400,56300,56200,56100,56000,55900,55800,55700,55600,446807,1090200,28100,193600,115100,4472600,1871200,859100,483800,767100,57860,53880,17323000,39326307,0,0,0,0,0,
600726.SH,600726,20260424,93103000,56800,2274700,12891787,26819,0,,,66846493,372132755,56900,54300,55300,52700,56900,57000,57100,57200,57300,57400,57500,57600,57700,57800,292300,427100,59000,90900,141100,105600,612600,223400,144600,823800,56800,56600,56500,56400,56300,56200,56100,56000,55900,55800,4200,107500,1030807,1127200,37600,231600,226100,3849000,1616800,833700,57890,53890,17076900,39384107,0,0,0,0,0,
600726.SH,600726,20260424,93106000,56600,2249700,12756012,27803,0,,,69096193,384888767,56900,54300,55300,52700,56800,56900,57000,57100,57200,57300,57400,57500,57600,57700,293100,237300,471000,59000,93700,142600,105600,613100,227100,144600,56600,56500,56400,56300,56200,56100,56000,55900,55800,55700,41900,1123400,1091900,40200,231000,273100,3924100,1557100,785200,467400,57870,53890,17466700,39157300,0,0,0,0,0,
600726.SH,600726,20260424,93109000,57000,1779200,10101161,28914,0,,,70875393,394989928,57000,54300,55300,52700,57000,57100,57200,57300,57400,57500,57600,57700,57800,57900,334100,62000,101300,138000,115600,643700,238100,146300,825600,2099900,56900,56800,56700,56600,56500,56400,56300,56200,56100,56000,100,74100,8700,113500,1156400,1140200,35700,231300,267400,3832600,57910,53890,17004200,39135400,0,0,0,0,0,
600726.SH,600726,20260424,93112000,57000,3644900,20665057,30916,0,,,74520293,415654985,57100,54300,55300,52700,57100,57200,57300,57400,57500,57600,57700,57800,57900,58000,11200,112500,136500,101500,650700,249400,146800,877400,2186400,12377200,57000,56900,56800,56600,56500,56400,56300,56200,56100,56000,9600,14600,179900,153200,50200,894800,36300,239700,281800,3643000,57930,53780,16849600,37164500,0,0,0,0,0,
600726.SH,600726,20260424,93115000,57200,1638000,9340661,31911,0,,,76158293,424995646,57400,54300,55300,52700,57400,57500,57600,57700,57800,57900,58000,0,0,0,99700,659500,263900,142800,878500,2036200,12532500,0,0,0,57200,57100,57000,56900,56800,56700,56600,56500,56400,56300,70900,18700,315000,50800,709900,59200,340100,171900,944200,43400,57940,53860,16613100,37795900,0,0,0,0,0,
600726.SH,600726,20260424,93118000,57300,2101900,12031033,32901,0,,,78260193,437026679,57500,54300,55300,52700,57400,57500,57600,57700,57800,57900,58000,0,0,0,3000,353600,264700,143400,902000,2041000,12852100,0,0,0,57300,57200,57100,57000,56900,56800,56700,56600,56500,56400,3700,16100,332700,1090300,295400,884400,87900,342300,245700,901400,57960,53930,16559800,38219100,0,0,0,0,0,
600726.SH,600726,20260424,93121000,57200,3362000,19228976,34499,0,,,81622193,456255655,57500,54300,55300,52700,57200,57300,57400,57500,57600,57700,57800,57900,58000,0,138400,700,159800,226900,299100,153600,919600,2062100,12871100,0,57100,57000,56900,56800,56700,56600,56500,56400,56300,56200,12500,451800,281900,893100,82200,333600,266300,839600,41300,237200,57950,53840,16831300,36732600,0,0,0,0,0,
600726.SH,600726,20260424,93124000,57400,3450800,19752517,35951,0,,,85072993,476008172,57500,54300,55300,52700,57500,57600,57700,57800,57900,58000,0,0,0,0,31200,299800,154700,918900,2035500,13050100,0,0,0,0,57400,57300,57200,57100,57000,56900,56800,56700,56600,56500,25000,26000,43200,140800,198300,281800,713100,51000,348600,251600,57970,53820,16490200,36473300,0,0,0,0,0,
600726.SH,600726,20260424,93127000,57300,2579100,14749058,37225,0,,,87652093,490757230,57500,54300,55300,52700,57300,57400,57500,57600,57700,57800,57900,58000,0,0,121200,331500,43900,320000,153600,927600,2076800,13218900,0,0,57200,57100,57000,56900,56800,56700,56600,56500,56400,56300,176900,271900,8600,26800,632700,54700,348500,247900,661000,30500,57950,53770,17193500,35669600,0,0,0,0,0,
600726.SH,600726,20260424,93130000,57000,3021300,17288796,38395,0,,,90673393,508046026,57600,54300,55300,52700,57000,57100,57200,57300,57400,57500,57600,57700,57800,57900,464500,51900,112700,72200,1645800,54800,307300,169600,941500,2086000,56900,56800,56700,56600,56500,56400,56300,56200,56100,56000,65000,541300,64200,363300,248400,641200,30500,220600,282400,2148700,57880,53720,19271000,34623500,0,0,0,0,0,
600726.SH,600726,20260424,93133000,57000,1683600,9590109,39273,0,,,92356993,517636135,57600,54300,55300,52700,57000,57200,57300,57400,57500,57600,57700,57800,57900,58000,6300,585800,199000,215900,83200,325500,181100,949600,2158200,13430700,56900,56800,56700,56600,56500,56400,56300,56200,56100,56000,1700,347900,59200,339200,249500,636100,30500,223900,280200,2015600,57920,53690,18135300,34258900,0,0,0,0,0,
600726.SH,600726,20260424,93136000,57000,1149200,6551813,40049,0,,,93506193,524187948,57600,54300,55300,52700,57200,57300,57400,57500,57600,57700,57800,57900,58000,0,556800,273800,309700,1085900,336700,185200,951600,2106700,13417000,0,57000,56900,56800,56700,56600,56500,56400,56300,56200,56100,1600,1800,290000,60100,329900,268800,624700,28500,218100,287200,57900,53570,19223400,32461400,0,0,0,0,0,
600726.SH,600726,20260424,93139000,56900,1523700,8687888,41014,0,,,95029893,532875836,57600,54300,55300,52700,56900,57000,57100,57200,57300,57400,57500,57600,57700,57800,116700,20000,6100,178900,273200,347200,118200,348000,189400,957600,56800,56700,56600,56500,56400,56300,56200,56100,56000,55900,103900,60300,332000,247800,596900,28500,213200,275200,1939900,388600,57930,53560,17980000,32090100,0,0,0,0,0,
600726.SH,600726,20260424,93142000,56900,1380000,7841273,41747,0,,,96409893,540717109,57600,54300,55300,52700,56900,57000,57100,57200,57300,57400,57500,57600,57700,57800,262200,460600,18600,248200,266000,299700,138500,361400,172500,887500,56600,56500,56400,56300,56200,56100,56000,55900,55800,55700,224800,252800,587800,27500,212800,284600,1907800,376600,492200,526600,57890,53510,18545600,31624700,0,0,0,0,0,
600726.SH,600726,20260424,93145000,56600,1285100,7280904,42369,0,,,97694993,547998013,57600,54300,55300,52700,56600,56700,56800,56900,57000,57100,57200,57300,57400,57500,2900,6200,619800,546700,687500,54200,230100,255900,299300,166600,56500,56400,56300,56200,56100,56000,55900,55800,55700,55600,51400,582100,27500,214800,284500,1913300,362800,484400,524500,675600,57830,53470,20037200,31124500,0,0,0,0,0,
600726.SH,600726,20260424,93148000,56600,801600,4529673,42843,0,,,98496593,552527686,57600,54300,55300,52700,56500,56600,56700,56800,56900,57000,57100,57200,57300,57400,500,434600,18300,595900,823200,676400,44800,196000,273800,295900,56400,56300,56200,56100,56000,55900,55800,55700,55600,55500,344400,28500,215800,285100,1954200,344900,477700,519500,655500,901200,57800,53450,20799500,30722000,0,0,0,0,0,
600726.SH,600726,20260424,93151000,56400,846600,4779294,43541,0,,,99343193,557306980,57600,54300,55300,52700,56400,56500,56600,56700,56800,56900,57000,57100,57200,57300,136300,29800,587400,26900,711400,766800,750900,45500,183800,258900,56300,56200,56100,56000,55900,55800,55700,55600,55500,55400,7900,215900,286900,1916400,346800,464400,519000,655500,892500,379700,57770,53410,21254700,30274200,0,0,0,0,0,
600726.SH,600726,20260424,93154000,56300,1191900,6714970,44065,0,,,100535093,564021950,57600,54300,55300,52700,56300,56400,56500,56600,56700,56800,56900,57000,57100,57200,76600,376500,76900,448300,34400,688900,635100,701800,79700,182100,56200,56100,56000,55900,55800,55700,55600,55500,55400,55300,100,78100,1929600,331700,462200,519000,649800,892600,371400,3405900,57760,53360,21284700,29741200,0,0,0,0,0,
600726.SH,600726,20260424,93157000,56100,537600,3020357,44443,0,,,101072693,567042307,57600,54300,55300,52700,56200,56300,56400,56500,56600,56700,56800,56900,57000,57100,9700,570000,653300,85500,429500,34000,301100,593200,627900,220600,56100,56000,55900,55800,55700,55600,55500,55400,55300,55200,1700,1811200,317700,450000,500300,646900,889700,359700,3291700,349900,57730,53350,21794000,29377100,0,0,0,0,0,
600726.SH,600726,20260424,93200000,56100,1628500,9125405,45376,0,,,102701193,576167712,57600,54300,55300,52700,56100,56200,56300,56400,56500,56600,56700,56800,56900,57000,57200,268200,806900,638100,107000,373800,37000,264300,538900,556000,56000,55900,55800,55700,55600,55500,55400,55300,55200,55100,617700,287200,447700,499700,632600,884800,373800,3247500,346400,155700,57700,53230,22114300,28070300,0,0,0,0,0,
600726.SH,600726,20260424,93203000,56000,1244200,6972371,46211,0,,,103945393,583140083,57600,54300,55300,52700,56000,56100,56200,56300,56400,56500,56600,56700,56800,56900,163200,469000,415900,717500,524900,105700,311500,45700,235300,474400,55900,55800,55700,55600,55500,55400,55300,55200,55100,55000,276400,471300,500500,616700,864700,370500,3212400,345800,155700,1567100,57670,53160,22335900,27285400,0,0,0,0,0,
600726.SH,600726,20260424,93206000,55900,1255600,7028215,46932,0,,,105200993,590168298,57600,54300,55300,52700,55900,56000,56100,56200,56300,56400,56500,56600,56700,56800,1000,274000,466400,448100,578300,443900,133000,286000,45700,225000,55800,55700,55600,55500,55400,55300,55200,55100,55000,54900,476000,497400,643700,851900,341300,3198800,324300,153400,1563500,389200,57670,53120,21961200,26946900,0,0,0,0,0,
600726.SH,600726,20260424,93209000,55900,749500,4187372,47488,0,,,105950493,594355670,57600,54300,55300,52700,55900,56000,56100,56200,56300,56400,56500,56600,56700,56800,126200,488100,495100,348800,462600,232100,133700,277500,45200,174200,55800,55700,55600,55500,55400,55300,55200,55100,55000,54900,146600,482000,646000,850100,345100,3187400,319800,153400,1549200,378100,57670,53090,21915200,26547200,0,0,0,0,0,
600726.SH,600726,20260424,93212000,55800,1380400,7713896,48154,0,,,107330893,602069566,57600,54300,55300,52700,55900,56000,56100,56200,56300,56400,56500,56600,56700,56800,8400,246400,461600,255800,421900,216600,124900,251400,44200,183600,55800,55700,55600,55500,55400,55300,55200,55100,55000,54900,8400,504600,652800,829000,334600,3164800,315500,153300,1545400,375000,57710,53070,21406800,26381200,0,0,0,0,0,
600726.SH,600726,20260424,93215000,55800,1026300,5733342,48682,0,,,108357193,607802908,57600,54300,55300,52700,55800,55900,56000,56100,56200,56300,56400,56500,56600,56700,17600,3600,174300,433500,232900,379300,201700,129000,241400,45000,55700,55600,55500,55400,55300,55200,55100,55000,54900,54800,466700,660800,843300,328900,3147400,315600,153300,1444400,382800,307400,57730,53060,20813400,26230100,0,0,0,0,0,
600726.SH,600726,20260424,93218000,55800,1214900,6795510,49293,0,,,109572093,614598418,57600,54300,55300,52700,55800,55900,56000,56100,56200,56300,56400,56500,56600,56700,17700,3000,18600,390500,238000,344300,198900,131200,236800,45000,55700,55600,55500,55400,55300,55200,55100,55000,54900,54800,452100,659300,857700,333700,3114400,310400,145800,1399300,381600,305700,57750,53060,20534600,26085200,0,0,0,0,0,
600726.SH,600726,20260424,93221000,55800,1096488,6122181,49856,0,,,110668581,620720599,57600,54300,55300,52700,56000,56100,56200,56300,56400,56500,56600,56700,56800,56900,49700,371100,235900,289000,196400,135100,218200,35300,131800,450700,55800,55700,55600,55500,55400,55300,55200,55100,55000,54900,153800,277312,684300,895300,353500,3095900,311100,147500,1425900,381600,57760,53060,20314500,26102312,0,0,0,0,0,
600726.SH,600726,20260424,93224000,56000,1121100,6279146,50302,0,,,111789681,626999745,57600,54300,55300,52700,56200,56300,56400,56500,56600,56700,56800,56900,57000,57100,120600,303400,183400,136900,217500,38000,259300,489200,413700,98900,56000,55900,55800,55700,55600,55500,55400,55300,55200,55100,1900,92600,481800,309712,689500,915800,346100,3082300,310100,159800,57790,53110,19818000,26538812,0,0,0,0,0,
600726.SH,600726,20260424,93227000,56300,602200,3381185,50624,0,,,112391881,630380930,57600,54300,55300,52700,56300,56400,56500,56600,56700,56800,56900,57000,57100,57200,212200,183400,137400,210800,79500,294300,500600,427100,99200,62900,56200,56100,56000,55900,55800,55700,55600,55500,55400,55300,132900,8900,122300,134000,663100,328412,685600,1025500,341600,3034600,57810,53180,19806300,27173112,0,0,0,0,0,
600726.SH,600726,20260424,93230000,56500,842200,4742036,50961,0,,,113234081,635122966,57600,54300,55300,52700,56500,56600,56700,56800,56900,57000,57100,57200,57300,57400,254600,212200,263800,220900,492200,423600,114900,65700,258500,157500,56400,56300,56200,56100,56000,55900,55800,55700,55600,55500,900,95500,193000,59800,348300,154900,861500,325012,692100,1034300,57820,53250,19574000,27807712,0,0,0,0,0,
600726.SH,600726,20260424,93233000,56600,589700,3327965,51316,0,,,113823781,638450931,57600,54300,55300,52700,56600,56700,56800,56900,57000,57100,57200,57300,57400,57500,324000,269600,219600,479500,429200,71500,63200,263700,240700,508800,56500,56400,56300,56200,56100,56000,55900,55800,55700,55600,11600,9300,230300,364900,49500,459100,176200,808400,328012,678900,57830,53300,19508600,28311712,0,0,0,0,0,
600726.SH,600726,20260424,93236000,56600,993000,5615237,51826,0,,,114816781,644066168,57600,54300,55300,52700,56700,56800,56900,57000,57100,57200,57300,57400,57500,57600,265500,215700,506700,427500,56900,63800,263700,238500,463400,406700,56600,56500,56400,56300,56200,56100,56000,55900,55800,55700,23600,90900,20100,345400,335900,45600,494000,182800,754400,308212,57850,53310,19180800,28370012,0,0,0,0,0,
600726.SH,600726,20260424,93239000,56800,1081700,6129864,52295,0,,,115898481,650196032,57600,54300,55300,52700,56800,56900,57000,57100,57200,57300,57400,57500,57600,57700,141800,454700,435100,57400,63800,265200,226000,462900,409900,221500,56600,56500,56400,56300,56200,56100,56000,55900,55800,55700,1450000,596000,48400,352800,307300,47300,551400,188600,772400,307212,57880,53530,18931900,30465312,0,0,0,0,0,
600726.SH,600726,20260424,93242000,56800,2648900,15007823,52882,0,,,118547381,665203855,57600,54300,55300,52700,56900,57000,57100,57200,57300,57400,57500,57600,57700,57800,307100,428600,48100,65600,241500,225000,458200,415200,221700,838400,56800,56700,56600,56500,56400,56300,56200,56100,56000,55900,72900,775400,406800,809600,30700,301000,265300,50600,604500,199200,57890,53520,18616700,30265012,0,0,0,0,0,
600726.SH,600726,20260424,93245000,56900,857500,4872052,53334,0,,,119404881,670075907,57600,54300,55300,52700,56900,57000,57100,57200,57300,57400,57500,57600,57700,57800,58300,443700,79600,55000,255200,226000,502100,426800,222200,838300,56800,56700,56600,56500,56400,56300,56200,56100,56000,55900,303000,816700,449600,818800,60400,288100,246100,52400,530800,189000,57900,53550,18614500,30575712,0,0,0,0,0,
600726.SH,600726,20260424,93248000,57000,908400,5166479,53789,0,,,120313281,675242386,57600,54300,55300,52700,57000,57100,57200,57300,57400,57500,57600,57700,57800,57900,394600,79600,62200,258100,225200,499700,411900,221700,845000,1971200,56900,56800,56700,56600,56500,56400,56300,56200,56100,56000,211100,354600,737800,462900,757600,61400,316500,237100,55400,587900,57910,53570,18586500,30895012,0,0,0,0,0,
600726.SH,600726,20260424,93251000,57000,1500800,8536569,54647,0,,,121814081,683778955,57600,54300,55300,52700,57000,57100,57200,57300,57400,57500,57600,57700,57800,57900,86600,78600,65800,257900,226900,508200,442200,228700,824400,1972200,56900,56800,56700,56600,56500,56400,56300,56200,56100,56000,264100,220100,715700,470600,745900,55500,290400,237400,65400,595300,57920,53560,18375000,30702312,0,0,0,0,0,
600726.SH,600726,20260424,93254000,57200,822082,4684938,55117,0,,,122636163,688463893,57600,54300,55300,52700,57200,57300,57400,57500,57600,57700,57800,57900,58000,0,19200,258800,226300,512800,444700,234900,826300,1996400,13783000,0,57100,57000,56900,56800,56700,56600,56500,56400,56300,56200,8400,547618,344300,142300,696600,445000,720700,54500,275500,230500,57930,53620,18302400,31175030,0,0,0,0,0,
600726.SH,600726,20260424,93257000,57200,872800,4983645,55521,0,,,123508963,693447538,57600,54300,55300,52700,57300,57400,57500,57600,57700,57800,57900,58000,0,0,81200,229300,540800,451800,235100,826200,1988500,13723700,0,0,57200,57100,57000,56900,56800,56700,56600,56500,56400,56300,33200,29800,726818,443900,160100,695400,424600,629200,54400,258400,57940,53650,18076600,31434630,0,0,0,0,0,
600726.SH,600726,20260424,93300000,57300,995900,5700971,56044,0,,,124504863,699148509,57600,54300,55300,52700,57400,57500,57600,57700,57800,57900,58000,0,0,0,156000,541500,466500,236400,828200,1993500,13799200,0,0,0,57300,57200,57100,57000,56900,56800,56700,56600,56500,56400,17800,184600,71700,892418,454000,154300,676200,418600,612600,56200,57950,53680,18021300,31700930,0,0,0,0,0,
600726.SH,600726,20260424,93303000,57400,1314800,7538077,56728,0,,,125819663,706686586,57600,54300,55300,52700,57500,57600,57700,57800,57900,58000,0,0,0,0,597600,577700,232500,823700,1971000,13861300,0,0,0,0,57400,57300,57200,57100,57000,56900,56800,56700,56600,56500,92600,54500,328100,88300,857518,436200,162800,676200,416700,603400,57950,53720,18063800,32035530,0,0,0,0,0,
600726.SH,600726,20260424,93306000,57500,1055900,6063344,57343,0,,,126875563,712749930,57600,54300,55300,52700,57500,57600,57700,57800,57900,58000,0,0,0,0,260400,623400,396500,1019800,1968500,13891400,0,0,0,0,57400,57300,57200,57100,57000,56900,56800,56700,56600,56500,341700,180800,331600,78100,793218,431600,164100,597700,361200,603200,57950,53740,18160000,32201630,0,0,0,0,0,
600726.SH,600726,20260424,93309000,57400,1591700,9135975,58008,0,,,128467263,721885905,57600,54300,55300,52700,57400,57500,57600,57700,57800,57900,58000,0,0,0,42400,613700,674400,390900,1008300,1986100,13939300,0,0,0,57300,57200,57100,57000,56900,56800,56700,56600,56500,56400,196100,293300,58200,756218,394800,164000,598500,363000,606200,53700,57940,53700,18655100,31641130,0,0,0,0,0,
600726.SH,600726,20260424,93312000,57100,2072800,11881257,58961,0,,,130540063,733767162,57600,54300,55300,52700,57100,57300,57400,57500,57600,57700,57800,57900,58000,0,18800,51200,158400,984400,697500,392400,1011100,2066200,13876600,0,57000,56900,56800,56700,56600,56500,56400,56300,56200,56100,636518,271300,148800,605500,358200,592600,53000,240900,227300,113000,57920,53600,19256600,30783230,0,0,0,0,0,
600726.SH,600726,20260424,93315000,57000,1429918,8175154,59924,0,,,131969981,741942316,57600,54300,55300,52700,57000,57300,57400,57500,57600,57700,57800,57900,58000,0,666282,2800,300,983300,682700,383200,1018100,2054300,13962700,0,56900,56800,56700,56600,56500,56400,56300,56200,56100,56000,260000,149900,600200,202400,494000,52900,295200,225400,68500,684700,57900,53490,19753682,29678812,0,0,0,0,0,
600726.SH,600726,20260424,93318000,57000,1220000,6948632,60397,0,,,133189981,748890948,57600,54300,55300,52700,57000,57100,57200,57300,57400,57500,57600,57700,57800,57900,192482,39900,3400,82300,91600,1070600,692600,385300,1029500,2067000,56900,56800,56700,56600,56500,56400,56300,56200,56100,56000,85600,146200,603900,203100,448300,65000,293200,221400,70300,692800,57910,53460,19605182,29206212,0,0,0,0,0,
600726.SH,600726,20260424,93321000,57100,1122100,6390323,60913,0,,,134312081,755281271,57600,54300,55300,52700,57100,57200,57300,57400,57500,57600,57700,57800,57900,58000,130000,12600,101400,231100,1111200,712700,385500,1043100,2071900,14028400,57000,56900,56800,56700,56600,56500,56400,56300,56200,56100,27000,133800,128300,604000,227900,467100,55900,239900,222400,70100,57910,53460,19827900,29068712,0,0,0,0,0,
600726.SH,600726,20260424,93324000,57100,918300,5242439,61293,0,,,135230381,760523710,57600,54300,55300,52700,57200,57300,57400,57500,57600,57700,57800,57900,58000,0,300,3400,242100,1170400,756000,390300,1128400,2071800,14085400,0,57100,57000,56900,56800,56700,56600,56500,56400,56300,56200,26100,391300,63200,142100,621900,231400,532500,56100,241000,125600,57920,53500,19848100,29379112,0,0,0,0,0,
600726.SH,600726,20260424,93327000,57100,588000,3360689,61563,0,,,135818381,763884399,57600,54300,55300,52700,57300,57400,57500,57600,57700,57800,57900,58000,0,0,10000,182200,1234800,785300,392100,1134100,2052100,14060100,0,0,57200,57100,57000,56900,56800,56700,56600,56500,56400,56300,900,546700,697300,79600,125600,587100,212700,527800,55900,249200,57920,53600,19850700,30125712,0,0,0,0,0,
600726.SH,600726,20260424,93330000,57200,466201,2668357,61814,0,,,136284582,766552756,57600,54300,55300,52700,57400,57500,57600,57700,57800,57900,58000,0,0,0,178600,1313700,828200,398400,1148000,2064000,14172000,0,0,0,57200,57100,57000,56900,56800,56700,56600,56500,56400,56300,181700,704099,782600,134200,182100,619800,212200,529600,57900,250500,57920,53670,20102900,30722311,0,0,0,0,0,
600726.SH,600726,20260424,93333000,57300,689500,3954971,62233,0,,,136974082,770507727,57600,54300,55300,52700,57400,57500,57600,57700,57800,57900,58000,0,0,0,38700,1311600,831900,250900,1193700,2044000,14183000,0,0,0,57300,57200,57100,57000,56900,56800,56700,56600,56500,56400,11400,276800,918799,874500,138600,187300,616900,207600,521400,58000,57920,53720,19853800,31120111,0,0,0,0,0,
600726.SH,600726,20260424,93336000,57400,402200,2309269,62590,0,,,137376282,772816996,57600,54300,55300,52700,57500,57600,57700,57800,57900,58000,0,0,0,0,1256600,739700,252600,1190700,2035300,14223700,0,0,0,0,57400,57300,57200,57100,57000,56900,56800,56700,56600,56500,49500,274400,496000,819299,953900,83100,191400,617100,210200,546900,57930,53770,19698600,31513411,0,0,0,0,0,
600726.SH,600726,20260424,93339000,57600,2070400,11904122,63270,0,,,139446682,784721118,57600,54300,55300,52700,57600,57700,57800,57900,58000,0,0,0,0,0,504000,262200,1118000,2019600,14271300,0,0,0,0,0,57500,57400,57300,57200,57100,57000,56900,56800,56700,56600,3800,473700,402000,369000,706600,934500,82900,217700,612400,202600,57960,53810,18175100,31826812,0,0,0,0,0,
600726.SH,600726,20260424,93342000,57600,820500,4722337,63706,0,,,140267182,789443455,57600,54300,55300,52700,57600,57700,57800,57900,58000,0,0,0,0,0,118300,315300,1140800,2010000,14404700,0,0,0,0,0,57500,57400,57300,57200,57100,57000,56900,56800,56700,56600,297400,636600,399000,312100,581000,972300,80400,222800,613900,203400,57970,53850,17989100,32135312,0,0,0,0,0,
600726.SH,600726,20260424,93345000,57600,1596800,9209381,64556,0,,,141863982,798652836,57800,54300,55300,52700,57700,57800,57900,58000,0,0,0,0,0,0,400,696200,2002600,14396200,0,0,0,0,0,0,57600,57500,57400,57300,57200,57100,57000,56900,56800,56700,315100,304800,689900,408100,214900,518600,1161900,75100,223300,609300,57980,53910,17095400,32608212,0,0,0,0,0,
600726.SH,600726,20260424,93348000,57800,1331800,7680668,65135,0,,,143195782,806333504,57800,54300,55300,52700,57800,57900,58000,0,0,0,0,0,0,0,488700,2177500,14446700,0,0,0,0,0,0,0,57700,57600,57500,57400,57300,57200,57100,57000,56900,56800,1700,825300,217300,710000,272100,203300,389700,1131500,75100,221100,57980,53930,17112900,32726812,0,0,0,0,0,
600726.SH,600726,20260424,93351000,57800,1286800,7425405,65881,0,,,144482582,813758909,57800,54300,55300,52700,57800,57900,58000,0,0,0,0,0,0,0,73300,2434000,15005300,0,0,0,0,0,0,0,57700,57600,57500,57400,57300,57200,57100,57000,56900,56800,14800,745500,203700,692400,291500,198200,376600,1138700,74600,218500,57990,53910,17512600,32444012,0,0,0,0,0,
600726.SH,600726,20260424,93354000,57900,3090200,17880818,67066,0,,,147572782,831639727,57900,54300,55300,52700,57900,58000,0,0,0,0,0,0,0,0,354200,15127000,0,0,0,0,0,0,0,0,57800,57700,57600,57500,57400,57300,57200,57100,57000,56900,86500,96600,790600,174600,630700,281000,181400,392100,1094800,71000,58000,53920,15481200,32438012,0,0,0,0,0,
600726.SH,600726,20260424,93357000,57900,1310000,7586217,67755,0,,,148882782,839225944,58000,54300,55300,52700,58000,0,0,0,0,0,0,0,0,0,14741300,0,0,0,0,0,0,0,0,0,57900,57800,57700,57600,57500,57400,57300,57200,57100,57000,85300,742700,141400,660000,174700,526400,277600,166700,368400,1084400,58000,53970,14741300,32823712,0,0,0,0,0,
600726.SH,600726,20260424,93400000,58000,1827000,10588939,68899,0,,,150709782,849814883,58000,54300,55300,52700,58000,0,0,0,0,0,0,0,0,0,14033100,0,0,0,0,0,0,0,0,0,57900,57800,57700,57600,57500,57400,57300,57200,57100,57000,776100,886200,155000,569600,158400,474300,276800,166400,342000,1051600,58000,54050,14033100,33348312,0,0,0,0,0,
600726.SH,600726,20260424,93403000,58000,3406000,19749888,70342,0,,,154115782,869564771,58000,54300,55300,52700,58000,0,0,0,0,0,0,0,0,0,10887000,0,0,0,0,0,0,0,0,0,57900,57800,57700,57600,57500,57400,57300,57200,57100,57000,957000,981800,168100,534500,140200,468700,283800,175300,340100,1058100,58000,54080,10887000,33527912,0,0,0,0,0,
600726.SH,600726,20260424,93406000,58000,3382500,19586927,71469,0,,,157498282,889151698,58000,54300,55300,52700,58000,0,0,0,0,0,0,0,0,0,10963800,0,0,0,0,0,0,0,0,0,57900,57800,57700,57600,57500,57400,57300,57200,57100,57000,8300,733700,139800,538200,141500,439000,286700,333500,337500,953200,58000,53940,10963800,32163712,0,0,0,0,0,
600726.SH,600726,20260424,93409000,57900,1364600,7907092,72393,0,,,158862882,897058790,58000,54300,55300,52700,57900,58000,0,0,0,0,0,0,0,0,22300,10557400,0,0,0,0,0,0,0,0,57800,57700,57600,57500,57400,57300,57200,57100,57000,56900,522200,128100,534900,115500,436600,194000,330900,337100,940000,79300,58000,53900,10579700,31654312,0,0,0,0,0,
600726.SH,600726,20260424,93412000,57900,984700,5703520,73036,0,,,159847582,902762310,58000,54300,55300,52700,57900,58000,0,0,0,0,0,0,0,0,77200,10271300,0,0,0,0,0,0,0,0,57800,57700,57600,57500,57400,57300,57200,57100,57000,56900,303300,121300,457700,127200,415900,191800,310500,329900,926200,81800,58000,53880,10348500,30702212,0,0,0,0,0,
600726.SH,600726,20260424,93415000,57900,868400,5025495,73582,0,,,160715982,907787805,58000,54300,55300,52700,57900,58000,0,0,0,0,0,0,0,0,578600,10473100,0,0,0,0,0,0,0,0,57800,57700,57600,57500,57400,57300,57200,57100,57000,56900,523700,184700,445200,132000,364700,178100,312800,266900,908800,80300,57990,53920,11051700,30366912,0,0,0,0,0,
600726.SH,600726,20260424,93418000,57800,2281800,13212478,74392,0,,,162997782,921000283,58000,54300,55300,52700,57800,57900,58000,0,0,0,0,0,0,0,1100,226100,10004300,0,0,0,0,0,0,0,57700,57600,57500,57400,57300,57200,57100,57000,56900,56800,131900,428100,115300,368600,162200,310200,265600,888700,80400,195100,58000,53830,10231500,29554812,0,0,0,0,0,
600726.SH,600726,20260424,93421000,57900,1132400,6541909,74872,0,,,164130182,927542192,58000,54300,55300,52700,57900,58000,0,0,0,0,0,0,0,0,463500,10444900,0,0,0,0,0,0,0,0,57700,57600,57500,57400,57300,57200,57100,57000,56900,56800,9200,409000,116600,314900,159400,324200,256200,875000,80200,189700,58000,53800,10908400,29259212,0,0,0,0,0,
600726.SH,600726,20260424,93424000,57900,900300,5208052,75306,0,,,165030482,932750244,58000,54300,55300,52700,57900,58000,0,0,0,0,0,0,0,0,903400,10562200,0,0,0,0,0,0,0,0,57800,57700,57600,57500,57400,57300,57200,57100,57000,56900,151000,44900,375800,127400,311700,154700,317000,246600,879100,82400,57990,53820,11465600,29271912,0,0,0,0,0,
600726.SH,600726,20260424,93427000,57800,4847200,28083167,76947,0,,,169877682,960833411,58000,54300,55300,52700,57900,58000,0,0,0,0,0,0,0,0,2800,8255500,0,0,0,0,0,0,0,0,57800,57700,57600,57500,57400,57300,57200,57100,57000,56900,200,10800,360300,136300,303100,154700,306800,246300,878100,91400,58000,53790,8258300,28971012,0,0,0,0,0,
600726.SH,600726,20260424,93430000,57900,1499600,8685207,77563,0,,,171377282,969518618,58000,54300,55300,52700,57900,58000,0,0,0,0,0,0,0,0,300,7897500,0,0,0,0,0,0,0,0,57800,57700,57600,57500,57400,57300,57200,57100,57000,56900,122300,17200,358900,136000,255300,150700,305300,245100,863800,90600,58000,53800,7897800,28880812,0,0,0,0,0,
600726.SH,600726,20260424,93433000,58000,1972400,11425485,78373,0,,,173349682,980944103,58000,54300,55300,52700,58000,0,0,0,0,0,0,0,0,0,7295100,0,0,0,0,0,0,0,0,0,57900,57800,57700,57600,57500,57400,57300,57200,57100,57000,268500,32300,61500,355100,137200,232700,150400,305300,234900,875400,58000,53830,7295100,29025012,0,0,0,0,0,
600726.SH,600726,20260424,93436000,57900,1726600,10004597,79261,0,,,175076282,990948700,58000,54300,55300,52700,58000,0,0,0,0,0,0,0,0,0,6709800,0,0,0,0,0,0,0,0,0,57900,57800,57700,57600,57500,57400,57300,57200,57100,57000,35500,101100,67200,346100,142500,230600,213400,305300,230800,872400,58000,53820,6709800,28921912,0,0,0,0,0,
600726.SH,600726,20260424,93439000,58000,1384400,8022872,80089,0,,,176460682,998971572,58000,54300,55300,52700,58000,0,0,0,0,0,0,0,0,0,6119800,0,0,0,0,0,0,0,0,0,57900,57800,57700,57600,57500,57400,57300,57200,57100,57000,161900,28300,72300,319300,140200,188000,213100,294400,228900,873200,58000,53810,6119800,28840412,0,0,0,0,0,
600726.SH,600726,20260424,93442000,57900,1245700,7218929,80888,0,,,177706382,1006190501,58000,54300,55300,52700,57900,58000,0,0,0,0,0,0,0,0,6100,5814000,0,0,0,0,0,0,0,0,57800,57700,57600,57500,57400,57300,57200,57100,57000,56900,20300,74300,328200,135400,187300,212900,290500,209300,920000,68500,58000,53790,5820100,28651012,0,0,0,0,0,
600726.SH,600726,20260424,93445000,57900,968800,5612597,81525,0,,,178675182,1011803098,58000,54300,55300,52700,58000,0,0,0,0,0,0,0,0,0,5491900,0,0,0,0,0,0,0,0,0,57900,57800,57700,57600,57500,57400,57300,57200,57100,57000,2900,49600,4600,327800,116900,184500,213400,307600,206000,916000,58000,53780,5491900,28372312,0,0,0,0,0,
600726.SH,600726,20260424,93448000,58000,1036200,6005140,82013,0,,,179711382,1017808238,58000,54300,55300,52700,58000,0,0,0,0,0,0,0,0,0,5046900,0,0,0,0,0,0,0,0,0,57900,57800,57700,57600,57500,57400,57300,57200,57100,57000,102600,41000,10500,322700,117600,190600,214800,307400,203700,875300,58000,53790,5046900,28423612,0,0,0,0,0,
600726.SH,600726,20260424,93451000,57900,1442800,8365285,82750,0,,,181154182,1026173523,58000,54300,55300,52700,58000,0,0,0,0,0,0,0,0,0,4392300,0,0,0,0,0,0,0,0,0,57900,57800,57700,57600,57500,57400,57300,57200,57100,57000,111700,82400,33700,315600,128500,190500,216500,307300,198100,871600,58000,53800,4392300,28448612,0,0,0,0,0,
600726.SH,600726,20260424,93454000,57900,1601800,9285355,83469,0,,,182755982,1035458878,58000,54300,55300,52700,58000,0,0,0,0,0,0,0,0,0,3595800,0,0,0,0,0,0,0,0,0,57900,57800,57700,57600,57500,57400,57300,57200,57100,57000,271100,98600,51000,316100,158400,191300,215500,307300,194600,876200,58000,53830,3595800,28587912,0,0,0,0,0,
600726.SH,600726,20260424,93457000,58000,4546500,26368451,84989,0,,,187302482,1061827329,58000,54300,55300,52700,0,0,0,0,0,0,0,0,0,0,0,0,0,0,0,0,0,0,0,0,58000,57900,57800,57700,57600,57500,57400,57300,57200,57100,1872800,500900,136400,58200,316200,217400,191400,214700,305600,192500,0,54130,0,30745312,0,0,0,0,0,
600726.SH,600726,20260424,93500000,58000,2543800,14754040,85447,0,,,189846282,1076581369,58000,54300,55300,52700,0,0,0,0,0,0,0,0,0,0,0,0,0,0,0,0,0,0,0,0,58000,57900,57800,57700,57600,57500,57400,57300,57200,57100,5588800,935200,152100,52600,327400,229000,190800,205600,149500,192500,0,54580,0,34747512,0,0,0,0,0,
600726.SH,600726,20260424,93503000,58000,478400,2774720,85678,0,,,190324682,1079356089,58000,54300,55300,52700,0,0,0,0,0,0,0,0,0,0,0,0,0,0,0,0,0,0,0,0,58000,57900,57800,57700,57600,57500,57400,57300,57200,57100,9432500,1047900,147400,86800,318100,226800,189800,205100,156600,191000,0,54930,0,38737012,0,0,0,0,0,
600726.SH,600726,20260424,93506000,58000,6163700,35749460,86807,0,,,196488382,1115105549,58000,54300,55300,52700,0,0,0,0,0,0,0,0,0,0,0,0,0,0,0,0,0,0,0,0,58000,57900,57800,57700,57600,57500,57400,57300,57200,57100,6361500,1081400,152400,85000,316700,196700,156200,195000,157300,190400,0,54670,0,35450912,0,0,0,0,0,
600726.SH,600726,20260424,93509000,58000,4443100,25769980,87655,0,,,200931482,1140875529,58000,54300,55300,52700,0,0,0,0,0,0,0,0,0,0,0,0,0,0,0,0,0,0,0,0,58000,57900,57800,57700,57600,57500,57400,57300,57200,57100,2717100,1089800,161500,85700,317700,193900,135300,193500,154300,190100,0,54280,0,31776312,0,0,0,0,0,
600726.SH,600726,20260424,93512000,58000,4809600,27894119,88289,0,,,205741082,1168769648,58000,54300,55300,52700,58000,0,0,0,0,0,0,0,0,0,2718900,0,0,0,0,0,0,0,0,0,57900,57800,57700,57600,57500,57400,57300,57200,57100,57000,909800,172900,87700,302700,199700,135300,191100,152100,189800,805000,58000,53900,2718900,28751612,0,0,0,0,0,
600726.SH,600726,20260424,93515000,58000,1260200,7305118,88579,0,,,207001282,1176074766,58000,54300,55300,52700,58000,0,0,0,0,0,0,0,0,0,2926000,0,0,0,0,0,0,0,0,0,57900,57800,57700,57600,57500,57400,57300,57200,57100,57000,514000,170000,39100,302700,199700,121200,192600,152100,202500,745800,58000,53830,2926000,28183312,0,0,0,0,0,
600726.SH,600726,20260424,93518000,57900,1354200,7848207,89056,0,,,208355482,1183922973,58000,54300,55300,52700,57900,58000,0,0,0,0,0,0,0,0,5000,2850200,0,0,0,0,0,0,0,0,57800,57700,57600,57500,57400,57300,57200,57100,57000,56900,179200,51800,296000,192900,120100,192600,152300,202400,746800,68000,58000,53770,2855200,27739012,0,0,0,0,0,
600726.SH,600726,20260424,93521000,57900,716300,4149307,89430,0,,,209071782,1188072280,58000,54300,55300,52700,57900,58000,0,0,0,0,0,0,0,0,47800,2928200,0,0,0,0,0,0,0,0,57800,57700,57600,57500,57400,57300,57200,57100,57000,56900,87000,51800,296000,196900,117500,194600,147000,201000,756600,68000,58000,53750,2976000,27529512,0,0,0,0,0,
600726.SH,600726,20260424,93524000,57900,430800,2492396,89716,0,,,209502582,1190564676,58000,54300,55300,52700,58000,0,0,0,0,0,0,0,0,0,2841100,0,0,0,0,0,0,0,0,0,57900,57800,57700,57600,57500,57400,57300,57200,57100,57000,2300,200,50400,302000,197000,113000,194600,125900,201700,759900,58000,53730,2841100,27341112,0,0,0,0,0,
600726.SH,600726,20260424,93527000,57900,584300,3379741,90018,0,,,210086882,1193944417,58000,54300,55300,52700,57900,58000,0,0,0,0,0,0,0,0,281200,3258400,0,0,0,0,0,0,0,0,57800,57700,57600,57500,57400,57300,57200,57100,57000,56900,1400,38800,289700,214200,113000,194600,126200,201000,757600,67400,57990,53740,3539600,27223812,0,0,0,0,0,
600726.SH,600726,20260424,93530000,57900,524000,3031889,90324,0,,,210610882,1196976306,58000,54300,55300,52700,57900,58000,0,0,0,0,0,0,0,0,847300,3615600,0,0,0,0,0,0,0,0,57800,57700,57600,57500,57400,57300,57200,57100,57000,56900,22900,44400,270700,220200,113000,201200,124200,200900,756800,67400,57980,53740,4462900,27125212,0,0,0,0,0,
600726.SH,600726,20260424,93533000,57800,3595200,20830440,91533,0,,,214206082,1217806746,58000,54300,55300,52700,57800,57900,58000,0,0,0,0,0,0,0,79600,36000,1822200,0,0,0,0,0,0,0,57700,57600,57500,57400,57300,57200,57100,57000,56900,56800,40100,242500,231200,113300,199700,124400,200900,750900,67400,170400,57990,53730,1937800,27003812,0,0,0,0,0,
600726.SH,600726,20260424,93536000,57700,337000,1945840,91767,0,,,214543082,1219752586,58000,54300,55300,52700,57700,57800,57900,58000,0,0,0,0,0,0,63100,494800,549700,2071200,0,0,0,0,0,0,57600,57500,57400,57300,57200,57100,57000,56900,56800,56700,219500,253700,115800,201300,119700,200900,750600,69900,174700,666100,57950,53720,3178800,26878612,0,0,0,0,0,
600726.SH,600726,20260424,93539000,57600,1443800,8340910,92372,0,,,215986882,1228093496,58000,54300,55300,52700,57800,57900,58000,0,0,0,0,0,0,0,83900,431800,2403300,0,0,0,0,0,0,0,57600,57500,57400,57300,57200,57100,57000,56900,56800,56700,49400,248800,114800,199800,119700,201500,782900,49900,177300,666600,57980,53700,2919000,26664612,0,0,0,0,0,
600726.SH,600726,20260424,93542000,57600,1098700,6337731,92809,0,,,217085582,1234431227,58000,54300,55300,52700,57600,57700,57800,57900,58000,0,0,0,0,0,28400,108100,278400,490200,2513900,0,0,0,0,0,57500,57400,57300,57200,57100,57000,56900,56800,56700,56600,96500,113400,193600,117300,203600,786600,49900,177300,666500,177500,57960,53670,3419000,26381912,0,0,0,0,0,
600726.SH,600726,20260424,93545000,57500,982200,5652502,93147,0,,,218067782,1240083729,58000,54300,55300,52700,57500,57600,57700,57800,57900,58000,0,0,0,0,40000,158400,146700,338500,504900,2621200,0,0,0,0,57400,57300,57200,57100,57000,56900,56800,56700,56600,56500,82700,187700,120600,210200,807000,61500,177300,666500,177500,316100,57940,53650,3809700,26251612,0,0,0,0,0,
600726.SH,600726,20260424,93548000,57500,1026300,5904193,93619,0,,,219094082,1245987922,58000,54300,55300,52700,57600,57700,57800,57900,58000,0,0,0,0,0,3400,169700,333700,517000,2758400,0,0,0,0,0,57500,57400,57300,57200,57100,57000,56900,56800,56700,56600,34200,439500,121600,121200,210300,808500,65700,177100,666500,176200,57950,53700,3782200,26609112,0,0,0,0,0,
600726.SH,600726,20260424,93551000,57600,1454300,8381220,94233,0,,,220548382,1254369142,58000,54300,55300,52700,57700,57900,58000,0,0,0,0,0,0,0,300,508700,2641200,0,0,0,0,0,0,0,57600,57500,57400,57300,57200,57100,57000,56900,56800,56700,20500,87300,458300,321700,449600,205400,807400,66700,173700,666200,57980,53770,3150200,27218912,0,0,0,0,0,
600726.SH,600726,20260424,93554000,57900,1661000,9609782,94624,0,,,222209382,1263978924,58000,54300,55300,52700,58000,0,0,0,0,0,0,0,0,0,2811100,0,0,0,0,0,0,0,0,0,57900,57800,57700,57600,57500,57400,57300,57200,57100,57000,227900,18800,18500,158700,897400,466600,320800,449600,205800,830100,58000,53950,2811100,28530812,0,0,0,0,0,
600726.SH,600726,20260424,93557000,58000,901500,5223989,95040,0,,,223110882,1269202913,58000,54300,55300,52700,58000,0,0,0,0,0,0,0,0,0,2364300,0,0,0,0,0,0,0,0,0,57900,57700,57600,57500,57400,57300,57200,57100,57000,56900,700,116900,218000,1047200,483800,328600,449800,277900,840100,66100,58000,53970,2364300,28734812,0,0,0,0,0,
600726.SH,600726,20260424,93600000,58000,2734700,15860172,95960,0,,,225845582,1285063085,58000,54300,55300,52700,0,0,0,0,0,0,0,0,0,0,0,0,0,0,0,0,0,0,0,0,58000,57900,57800,57700,57600,57500,57400,57300,57200,57100,10686300,475500,3900,149200,256700,1007300,485400,351000,449500,278100,0,55100,0,39861312,0,0,0,0,0,
600726.SH,600726,20260424,93603000,58000,1077800,6251240,96348,0,,,226923382,1291314325,58000,54300,55300,52700,0,0,0,0,0,0,0,0,0,0,0,0,0,0,0,0,0,0,0,0,58000,57900,57800,57700,57600,57500,57400,57300,57200,57100,17222400,111900,10000,167300,183700,930100,480600,351000,447000,276900,0,55490,0,45891412,0,0,0,0,0,
600726.SH,600726,20260424,93606000,58000,688600,3993880,96604,0,,,227611982,1295308205,58000,54300,55300,52700,0,0,0,0,0,0,0,0,0,0,0,0,0,0,0,0,0,0,0,0,58000,57900,57800,57700,57600,57500,57400,57300,57200,57100,8962100,97400,21700,145400,201600,913000,491700,350900,449500,271900,0,54940,0,37690312,0,0,0,0,0,
600726.SH,600726,20260424,93609000,58000,3051800,17700440,97134,0,,,230663782,1313008645,58000,54300,55300,52700,0,0,0,0,0,0,0,0,0,0,0,0,0,0,0,0,0,0,0,0,58000,57900,57800,57700,57600,57500,57400,57300,57200,57100,3129100,81800,24800,126800,200900,934200,491000,353900,455000,265000,0,54380,0,31850512,0,0,0,0,0,
600726.SH,600726,20260424,93612000,58000,1313800,7620040,97529,0,,,231977582,1320628685,58000,54300,55300,52700,0,0,0,0,0,0,0,0,0,0,0,0,0,0,0,0,0,0,0,0,58000,57900,57800,57700,57600,57500,57400,57300,57200,57100,1458100,30500,25300,117500,224700,881400,481000,356000,455700,265200,0,54170,0,30053712,0,0,0,0,0,
600726.SH,600726,20260424,93615000,58000,2189000,12694161,98296,0,,,234166582,1333322846,58000,54300,55300,52700,58000,0,0,0,0,0,0,0,0,0,408800,0,0,0,0,0,0,0,0,0,57900,57800,57700,57600,57500,57400,57300,57200,57100,57000,1098100,26500,112400,221400,881200,481000,356200,458800,280800,854700,58000,54120,408800,29659112,0,0,0,0,0,
600726.SH,600726,20260424,93618000,58000,528800,3066121,98494,0,,,234695382,1336388967,58000,54300,55300,52700,58000,0,0,0,0,0,0,0,0,0,1043600,0,0,0,0,0,0,0,0,0,57800,57700,57600,57500,57400,57300,57200,57100,57000,56900,27400,103600,222100,884400,479900,356200,459300,215800,874500,85200,58000,53970,1043600,28477812,0,0,0,0,0,
600726.SH,600726,20260424,93621000,58000,340000,1970201,98715,0,,,235035382,1338359168,58000,54300,55300,52700,58000,0,0,0,0,0,0,0,0,0,1456700,0,0,0,0,0,0,0,0,0,57900,57800,57700,57600,57500,57400,57300,57200,57100,57000,800,2300,103500,224900,876500,476400,352100,458700,214600,876500,58000,53960,1456700,28319312,0,0,0,0,0,
600726.SH,600726,20260424,93624000,58000,1927300,11178190,99264,0,,,236962682,1349537358,58000,54300,55300,52700,0,0,0,0,0,0,0,0,0,0,0,0,0,0,0,0,0,0,0,0,58000,57900,57800,57700,57600,57500,57400,57300,57200,57100,2871800,1387700,91600,108500,216800,868400,474000,352100,460900,191400,0,54490,0,32563612,0,0,0,0,0,
600726.SH,600726,20260424,93627000,58000,267300,1550340,99419,0,,,237229982,1351087698,58000,54300,55300,52700,0,0,0,0,0,0,0,0,0,0,0,0,0,0,0,0,0,0,0,0,58000,57900,57800,57700,57600,57500,57400,57300,57200,57100,2026300,912900,62600,103100,214500,868600,474800,354200,462400,265000,0,54350,0,31242012,0,0,0,0,0,
600726.SH,600726,20260424,93630000,58000,533400,3093720,99568,0,,,237763382,1354181418,58000,54300,55300,52700,0,0,0,0,0,0,0,0,0,0,0,0,0,0,0,0,0,0,0,0,58000,57900,57800,57700,57600,57500,57400,57300,57200,57100,1086300,944900,72100,107600,214300,869500,475400,354100,463800,247400,0,54240,0,30304012,0,0,0,0,0,
600726.SH,600726,20260424,93633000,58000,815100,4727580,99988,0,,,238578482,1358908998,58000,54300,55300,52700,0,0,0,0,0,0,0,0,0,0,0,0,0,0,0,0,0,0,0,0,58000,57900,57800,57700,57600,57500,57400,57300,57200,57100,423000,949500,191400,211600,214300,909900,471500,357700,463400,251200,0,54190,0,29809212,0,0,0,0,0,
600726.SH,600726,20260424,93636000,58000,862100,5000180,100359,0,,,239440582,1363909178,58000,54300,55300,52700,0,0,0,0,0,0,0,0,0,0,0,0,0,0,0,0,0,0,0,0,58000,57900,57800,57700,57600,57500,57400,57300,57200,57100,1948000,938100,215400,211000,213800,906300,496500,362000,463900,251100,0,54380,0,31261412,0,0,0,0,0,
600726.SH,600726,20260424,93639000,58000,485800,2817640,100490,0,,,239926382,1366726818,58000,54300,55300,52700,0,0,0,0,0,0,0,0,0,0,0,0,0,0,0,0,0,0,0,0,58000,57900,57800,57700,57600,57500,57400,57300,57200,57100,1925700,944400,220300,210200,187800,917100,493500,362000,463500,250700,0,54380,0,31212512,0,0,0,0,0,
600726.SH,600726,20260424,93642000,58000,295900,1716220,100582,0,,,240222282,1368443038,58000,54300,55300,52700,0,0,0,0,0,0,0,0,0,0,0,0,0,0,0,0,0,0,0,0,58000,57900,57800,57700,57600,57500,57400,57300,57200,57100,794900,942100,220900,209700,171400,932800,502500,359600,463500,254700,0,54250,0,30065312,0,0,0,0,0,
600726.SH,600726,20260424,93645000,58000,994200,5765832,100981,0,,,241216482,1374208870,58000,54300,55300,52700,58000,0,0,0,0,0,0,0,0,0,820200,0,0,0,0,0,0,0,0,0,57900,57800,57700,57600,57500,57400,57300,57200,57100,57000,1460000,222200,213900,179700,923700,506100,359600,463500,252900,884400,58000,54210,820200,29768712,0,0,0,0,0,
600726.SH,600726,20260424,93648000,58000,378100,2192297,101102,0,,,241594582,1376401167,58000,54300,55300,52700,58000,0,0,0,0,0,0,0,0,0,1138500,0,0,0,0,0,0,0,0,0,57900,57800,57700,57600,57500,57400,57300,57200,57100,57000,823900,225300,214400,181400,943000,507000,359800,469500,242900,903700,58000,54140,1138500,29084712,0,0,0,0,0,
600726.SH,600726,20260424,93651000,58000,1303800,7560632,101468,0,,,242898382,1383961799,58000,54300,55300,52700,0,0,0,0,0,0,0,0,0,0,0,0,0,0,0,0,0,0,0,0,58000,57900,57800,57700,57600,57500,57400,57300,57200,57100,10055800,1659400,230200,189800,190600,938300,506800,359800,469600,240100,0,55190,0,39957912,0,0,0,0,0,
600726.SH,600726,20260424,93654000,58000,270900,1571220,101593,0,,,243169282,1385533019,58000,54300,55300,52700,0,0,0,0,0,0,0,0,0,0,0,0,0,0,0,0,0,0,0,0,58000,57900,57800,57700,57600,57500,57400,57300,57200,57100,4054200,1395600,242200,194800,190500,941800,498000,359800,469300,243900,0,54670,0,33696212,0,0,0,0,0,
600726.SH,600726,20260424,93657000,58000,393700,2283460,101739,0,,,243562982,1387816479,58000,54300,55300,52700,0,0,0,0,0,0,0,0,0,0,0,0,0,0,0,0,0,0,0,0,58000,57900,57800,57700,57600,57500,57400,57300,57200,57100,1703000,1409400,244300,194800,190600,957300,498000,363000,469300,243000,0,54420,0,31235912,0,0,0,0,0,
600726.SH,600726,20260424,93700000,58000,190400,1104320,101854,0,,,243753382,1388920799,58000,54300,55300,52700,0,0,0,0,0,0,0,0,0,0,0,0,0,0,0,0,0,0,0,0,58000,57900,57800,57700,57600,57500,57400,57300,57200,57100,1410300,1418000,112800,187700,189900,957800,500000,364100,468400,243000,0,54370,0,30864712,0,0,0,0,0,
600726.SH,600726,20260424,93703000,58000,343200,1990560,101936,0,,,244096582,1390911359,58000,54300,55300,52700,0,0,0,0,0,0,0,0,0,0,0,0,0,0,0,0,0,0,0,0,58000,57900,57800,57700,57600,57500,57400,57300,57200,57100,1136200,1418200,116300,109000,185700,962100,500000,365800,468400,242900,0,54340,0,30433212,0,0,0,0,0,
600726.SH,600726,20260424,93706000,58000,757800,4395240,102127,0,,,244854382,1395306599,58000,54300,55300,52700,0,0,0,0,0,0,0,0,0,0,0,0,0,0,0,0,0,0,0,0,58000,57900,57800,57700,57600,57500,57400,57300,57200,57100,517500,1528800,135600,109800,187400,950200,500000,367000,469900,243900,0,54280,0,29893412,0,0,0,0,0,
600726.SH,600726,20260424,93709000,58000,570900,3311220,102496,0,,,245425282,1398617819,58000,54300,55300,52700,0,0,0,0,0,0,0,0,0,0,0,0,0,0,0,0,0,0,0,0,58000,57900,57800,57700,57600,57500,57400,57300,57200,57100,71400,1528500,141500,116000,186700,948200,500000,362300,469900,243400,0,54220,0,29541512,0,0,0,0,0,
600726.SH,600726,20260424,93712000,58000,531100,3079984,102715,0,,,245956382,1401697803,58000,54300,55300,52700,0,0,0,0,0,0,0,0,0,0,0,0,0,0,0,0,0,0,0,0,58000,57900,57800,57700,57600,57500,57400,57300,57200,57100,3032800,1830300,151800,116000,182600,950000,500000,362300,469900,243400,0,54600,0,32791212,0,0,0,0,0,
600726.SH,600726,20260424,93715000,58000,313400,1817720,102827,0,,,246269782,1403515523,58000,54300,55300,52700,0,0,0,0,0,0,0,0,0,0,0,0,0,0,0,0,0,0,0,0,58000,57900,57800,57700,57600,57500,57400,57300,57200,57100,1910800,1500000,152100,115200,186200,969900,500600,363000,469900,246400,0,54450,0,31247212,0,0,0,0,0,
600726.SH,600726,20260424,93718000,58000,501300,2907540,102904,0,,,246771082,1406423063,58000,54300,55300,52700,0,0,0,0,0,0,0,0,0,0,0,0,0,0,0,0,0,0,0,0,58000,57900,57800,57700,57600,57500,57400,57300,57200,57100,1349200,1503800,150700,116200,187200,977100,500600,361400,469900,247400,0,54390,0,30677912,0,0,0,0,0,
600726.SH,600726,20260424,93721000,58000,217600,1262080,102988,0,,,246988682,1407685143,58000,54300,55300,52700,0,0,0,0,0,0,0,0,0,0,0,0,0,0,0,0,0,0,0,0,58000,57900,57800,57700,57600,57500,57400,57300,57200,57100,485400,1494800,150700,112200,186100,976000,500500,361400,469900,247400,0,54280,0,29787712,0,0,0,0,0,
600726.SH,600726,20260424,93724000,58000,440100,2552580,103255,0,,,247428782,1410237723,58000,54300,55300,52700,0,0,0,0,0,0,0,0,0,0,0,0,0,0,0,0,0,0,0,0,58000,57900,57800,57700,57600,57500,57400,57300,57200,57100,188100,1487400,151500,111500,186600,978000,500700,361400,470500,247400,0,54250,0,29461212,0,0,0,0,0,
600726.SH,600726,20260424,93727000,58000,302900,1756820,103471,0,,,247731682,1411994543,58000,54300,55300,52700,58000,0,0,0,0,0,0,0,0,0,9600,0,0,0,0,0,0,0,0,0,57900,57800,57700,57600,57500,57400,57300,57200,57100,57000,1494900,152200,112800,185200,969400,500200,361400,472300,250400,856300,58000,54220,9600,29297912,0,0,0,0,0,
600726.SH,600726,20260424,93730000,58000,476000,2760613,103695,0,,,248207682,1414755156,58000,54300,55300,52700,0,0,0,0,0,0,0,0,0,0,0,0,0,0,0,0,0,0,0,0,58000,57900,57800,57700,57600,57500,57400,57300,57200,57100,718400,1718600,158700,123300,184700,970200,500100,361400,472300,243000,0,54340,0,30213712,0,0,0,0,0,
600726.SH,600726,20260424,93733000,58000,134600,780680,103812,0,,,248342282,1415535836,58000,54300,55300,52700,0,0,0,0,0,0,0,0,0,0,0,0,0,0,0,0,0,0,0,0,58000,57900,57800,57700,57600,57500,57400,57300,57200,57100,775000,1625000,159800,122900,183000,970500,501400,361000,470700,242000,0,54340,0,30136312,0,0,0,0,0,
600726.SH,600726,20260424,93736000,58000,111300,645540,103872,0,,,248453582,1416181376,58000,54300,55300,52700,0,0,0,0,0,0,0,0,0,0,0,0,0,0,0,0,0,0,0,0,58000,57900,57800,57700,57600,57500,57400,57300,57200,57100,796600,1609300,176900,123900,150500,969200,501400,359100,469700,241400,0,54330,0,30076312,0,0,0,0,0,
600726.SH,600726,20260424,93739000,58000,183400,1063720,103967,0,,,248636982,1417245096,58000,54300,55300,52700,0,0,0,0,0,0,0,0,0,0,0,0,0,0,0,0,0,0,0,0,58000,57900,57800,57700,57600,57500,57400,57300,57200,57100,325000,1616900,177100,134200,145700,977100,501400,358800,469700,241400,0,54280,0,29612812,0,0,0,0,0,
600726.SH,600726,20260424,93742000,58000,216200,1253960,104130,0,,,248853182,1418499056,58000,54300,55300,52700,0,0,0,0,0,0,0,0,0,0,0,0,0,0,0,0,0,0,0,0,58000,57900,57800,57700,57600,57500,57400,57300,57200,57100,208200,1606400,179000,132000,147400,977200,501400,359100,466100,240400,0,54280,0,29389012,0,0,0,0,0,
600726.SH,600726,20260424,93745000,58000,438900,2545600,104367,0,,,249292082,1421044656,58000,54300,55300,52700,0,0,0,0,0,0,0,0,0,0,0,0,0,0,0,0,0,0,0,0,58000,57900,57800,57700,57600,57500,57400,57300,57200,57100,1267300,1788000,174200,130200,146400,977700,501400,358900,465900,240800,0,54430,0,30579812,0,0,0,0,0,
600726.SH,600726,20260424,93748000,58000,180900,1049220,104444,0,,,249472982,1422093876,58000,54300,55300,52700,0,0,0,0,0,0,0,0,0,0,0,0,0,0,0,0,0,0,0,0,58000,57900,57800,57700,57600,57500,57400,57300,57200,57100,771200,1798800,174200,130200,153300,980800,502600,358900,469400,236700,0,54370,0,30065512,0,0,0,0,0,
