万得代码,交易所代码,自然日,时间,成交价,成交量,成交额,成交笔数,IOPV,成交标志,BS标志,当日累计成交量,当日成交额,最高价,最低价,开盘价,前收盘,申卖价1,申卖价2,申卖价3,申卖价4,申卖价5,申卖价6,申卖价7,申卖价8,申卖价9,申卖价10,申卖量1,申卖量2,申卖量3,申卖量4,申卖量5,申卖量6,申卖量7,申卖量8,申卖量9,申卖量10,申买价1,申买价2,申买价3,申买价4,申买价5,申买价6,申买价7,申买价8,申买价9,申买价10,申买量1,申买量2,申买量3,申买量4,申买量5,申买量6,申买量7,申买量8,申买量9,申买量10,加权平均叫卖价,加权平均叫买价,叫卖总量,叫买总量,不加权指数,品种总数,上涨品种数,下跌品种数,持平品种数
300308.SZ,300308,20260325,91500000,0,0,0,0,0,,,0,0,0,0,0,6031900,6045000,0,0,0,0,0,0,0,0,0,3300,0,0,0,0,0,0,0,0,0,6045000,0,0,0,0,0,0,0,0,0,3300,0,0,0,0,0,0,0,0,0,0,0,0,0,0,0,0,0,0
300308.SZ,300308,20260325,91509000,0,0,0,0,0,,,0,0,0,0,0,6031900,6161600,0,0,0,0,0,0,0,0,0,29300,100,0,0,0,0,0,0,0,0,6161600,0,0,0,0,0,0,0,0,0,29300,0,0,0,0,0,0,0,0,0,0,0,0,0,0,0,0,0,0
300308.SZ,300308,20260325,91518000,0,0,0,0,0,,,0,0,0,0,0,6031900,6170000,0,0,0,0,0,0,0,0,0,30200,0,0,0,0,0,0,0,0,0,6170000,0,0,0,0,0,0,0,0,0,30200,0,0,0,0,0,0,0,0,0,0,0,0,0,0,0,0,0,0
300308.SZ,300308,20260325,91527000,0,0,0,0,0,,,0,0,0,0,0,6031900,6120000,0,0,0,0,0,0,0,0,0,31300,0,0,0,0,0,0,0,0,0,6120000,0,0,0,0,0,0,0,0,0,31300,0,0,0,0,0,0,0,0,0,0,0,0,0,0,0,0,0,0
300308.SZ,300308,20260325,91536000,0,0,0,0,0,,,0,0,0,0,0,6031900,6100000,0,0,0,0,0,0,0,0,0,32400,900,0,0,0,0,0,0,0,0,6100000,0,0,0,0,0,0,0,0,0,32400,0,0,0,0,0,0,0,0,0,0,0,0,0,0,0,0,0,0
300308.SZ,300308,20260325,91545000,0,0,0,0,0,,,0,0,0,0,0,6031900,6100000,0,0,0,0,0,0,0,0,0,34500,0,0,0,0,0,0,0,0,0,6100000,0,0,0,0,0,0,0,0,0,34500,400,0,0,0,0,0,0,0,0,0,0,0,0,0,0,0,0,0
300308.SZ,300308,20260325,91554000,0,0,0,0,0,,,0,0,0,0,0,6031900,6101700,0,0,0,0,0,0,0,0,0,35500,0,0,0,0,0,0,0,0,0,6101700,0,0,0,0,0,0,0,0,0,35500,0,0,0,0,0,0,0,0,0,0,0,0,0,0,0,0,0,0
300308.SZ,300308,20260325,91603000,0,0,0,0,0,,,0,0,0,0,0,6031900,6100000,0,0,0,0,0,0,0,0,0,35800,0,0,0,0,0,0,0,0,0,6100000,0,0,0,0,0,0,0,0,0,35800,300,0,0,0,0,0,0,0,0,0,0,0,0,0,0,0,0,0
300308.SZ,300308,20260325,91612000,0,0,0,0,0,,,0,0,0,0,0,6031900,6120000,0,0,0,0,0,0,0,0,0,37800,1800,0,0,0,0,0,0,0,0,6120000,0,0,0,0,0,0,0,0,0,37800,0,0,0,0,0,0,0,0,0,0,0,0,0,0,0,0,0,0
300308.SZ,300308,20260325,91621000,0,0,0,0,0,,,0,0,0,0,0,6031900,6120000,0,0,0,0,0,0,0,0,0,38000,1600,0,0,0,0,0,0,0,0,6120000,0,0,0,0,0,0,0,0,0,38000,0,0,0,0,0,0,0,0,0,0,0,0,0,0,0,0,0,0
300308.SZ,300308,20260325,91630000,0,0,0,0,0,,,0,0,0,0,0,6031900,6144800,0,0,0,0,0,0,0,0,0,40900,0,0,0,0,0,0,0,0,0,6144800,0,0,0,0,0,0,0,0,0,40900,0,0,0,0,0,0,0,0,0,0,0,0,0,0,0,0,0,0
300308.SZ,300308,20260325,91639000,0,0,0,0,0,,,0,0,0,0,0,6031900,6140000,0,0,0,0,0,0,0,0,0,41100,0,0,0,0,0,0,0,0,0,6140000,0,0,0,0,0,0,0,0,0,41100,0,0,0,0,0,0,0,0,0,0,0,0,0,0,0,0,0,0
300308.SZ,300308,20260325,91648000,0,0,0,0,0,,,0,0,0,0,0,6031900,6149800,0,0,0,0,0,0,0,0,0,44100,800,0,0,0,0,0,0,0,0,6149800,0,0,0,0,0,0,0,0,0,44100,0,0,0,0,0,0,0,0,0,0,0,0,0,0,0,0,0,0
300308.SZ,300308,20260325,91657000,0,0,0,0,0,,,0,0,0,0,0,6031900,6150000,0,0,0,0,0,0,0,0,0,48200,0,0,0,0,0,0,0,0,0,6150000,0,0,0,0,0,0,0,0,0,48200,0,0,0,0,0,0,0,0,0,0,0,0,0,0,0,0,0,0
300308.SZ,300308,20260325,91706000,0,0,0,0,0,,,0,0,0,0,0,6031900,6150000,0,0,0,0,0,0,0,0,0,48300,0,0,0,0,0,0,0,0,0,6150000,0,0,0,0,0,0,0,0,0,48300,900,0,0,0,0,0,0,0,0,0,0,0,0,0,0,0,0,0
300308.SZ,300308,20260325,91715000,0,0,0,0,0,,,0,0,0,0,0,6031900,6150000,0,0,0,0,0,0,0,0,0,48200,0,0,0,0,0,0,0,0,0,6150000,0,0,0,0,0,0,0,0,0,48200,900,0,0,0,0,0,0,0,0,0,0,0,0,0,0,0,0,0
300308.SZ,300308,20260325,91724000,0,0,0,0,0,,,0,0,0,0,0,6031900,6150000,0,0,0,0,0,0,0,0,0,49000,0,0,0,0,0,0,0,0,0,6150000,0,0,0,0,0,0,0,0,0,49000,1600,0,0,0,0,0,0,0,0,0,0,0,0,0,0,0,0,0
300308.SZ,300308,20260325,91733000,0,0,0,0,0,,,0,0,0,0,0,6031900,6150000,0,0,0,0,0,0,0,0,0,49700,0,0,0,0,0,0,0,0,0,6150000,0,0,0,0,0,0,0,0,0,49700,7300,0,0,0,0,0,0,0,0,0,0,0,0,0,0,0,0,0
300308.SZ,300308,20260325,91742000,0,0,0,0,0,,,0,0,0,0,0,6031900,6150000,0,0,0,0,0,0,0,0,0,51600,0,0,0,0,0,0,0,0,0,6150000,0,0,0,0,0,0,0,0,0,51600,6400,0,0,0,0,0,0,0,0,0,0,0,0,0,0,0,0,0
300308.SZ,300308,20260325,91751000,0,0,0,0,0,,,0,0,0,0,0,6031900,6150000,0,0,0,0,0,0,0,0,0,52300,0,0,0,0,0,0,0,0,0,6150000,0,0,0,0,0,0,0,0,0,52300,5700,0,0,0,0,0,0,0,0,0,0,0,0,0,0,0,0,0
300308.SZ,300308,20260325,91800000,0,0,0,0,0,,,0,0,0,0,0,6031900,6150000,0,0,0,0,0,0,0,0,0,53700,0,0,0,0,0,0,0,0,0,6150000,0,0,0,0,0,0,0,0,0,53700,4000,0,0,0,0,0,0,0,0,0,0,0,0,0,0,0,0,0
300308.SZ,300308,20260325,91809000,0,0,0,0,0,,,0,0,0,0,0,6031900,6150000,0,0,0,0,0,0,0,0,0,54000,0,0,0,0,0,0,0,0,0,6150000,0,0,0,0,0,0,0,0,0,54000,4700,0,0,0,0,0,0,0,0,0,0,0,0,0,0,0,0,0
300308.SZ,300308,20260325,91818000,0,0,0,0,0,,,0,0,0,0,0,6031900,6150000,0,0,0,0,0,0,0,0,0,54900,0,0,0,0,0,0,0,0,0,6150000,0,0,0,0,0,0,0,0,0,54900,800,0,0,0,0,0,0,0,0,0,0,0,0,0,0,0,0,0
300308.SZ,300308,20260325,91827000,0,0,0,0,0,,,0,0,0,0,0,6031900,6150000,0,0,0,0,0,0,0,0,0,55400,0,0,0,0,0,0,0,0,0,6150000,0,0,0,0,0,0,0,0,0,55400,4500,0,0,0,0,0,0,0,0,0,0,0,0,0,0,0,0,0
300308.SZ,300308,20260325,91836000,0,0,0,0,0,,,0,0,0,0,0,6031900,6150000,0,0,0,0,0,0,0,0,0,57000,0,0,0,0,0,0,0,0,0,6150000,0,0,0,0,0,0,0,0,0,57000,2400,0,0,0,0,0,0,0,0,0,0,0,0,0,0,0,0,0
300308.SZ,300308,20260325,91845000,0,0,0,0,0,,,0,0,0,0,0,6031900,6150000,0,0,0,0,0,0,0,0,0,57300,0,0,0,0,0,0,0,0,0,6150000,0,0,0,0,0,0,0,0,0,57300,16600,0,0,0,0,0,0,0,0,0,0,0,0,0,0,0,0,0
300308.SZ,300308,20260325,91854000,0,0,0,0,0,,,0,0,0,0,0,6031900,6160000,0,0,0,0,0,0,0,0,0,60400,900,0,0,0,0,0,0,0,0,6160000,0,0,0,0,0,0,0,0,0,60400,0,0,0,0,0,0,0,0,0,0,0,0,0,0,0,0,0,0
300308.SZ,300308,20260325,91903000,0,0,0,0,0,,,0,0,0,0,0,6031900,6160000,0,0,0,0,0,0,0,0,0,60400,700,0,0,0,0,0,0,0,0,6160000,0,0,0,0,0,0,0,0,0,60400,0,0,0,0,0,0,0,0,0,0,0,0,0,0,0,0,0,0
300308.SZ,300308,20260325,91912000,0,0,0,0,0,,,0,0,0,0,0,6031900,6150000,0,0,0,0,0,0,0,0,0,63900,0,0,0,0,0,0,0,0,0,6150000,0,0,0,0,0,0,0,0,0,63900,23600,0,0,0,0,0,0,0,0,0,0,0,0,0,0,0,0,0
300308.SZ,300308,20260325,91921000,0,0,0,0,0,,,0,0,0,0,0,6031900,6150000,0,0,0,0,0,0,0,0,0,64000,0,0,0,0,0,0,0,0,0,6150000,0,0,0,0,0,0,0,0,0,64000,22600,0,0,0,0,0,0,0,0,0,0,0,0,0,0,0,0,0
300308.SZ,300308,20260325,91930000,0,0,0,0,0,,,0,0,0,0,0,6031900,6150000,0,0,0,0,0,0,0,0,0,64900,0,0,0,0,0,0,0,0,0,6150000,0,0,0,0,0,0,0,0,0,64900,4500,0,0,0,0,0,0,0,0,0,0,0,0,0,0,0,0,0
300308.SZ,300308,20260325,91939000,0,0,0,0,0,,,0,0,0,0,0,6031900,6150000,0,0,0,0,0,0,0,0,0,65700,0,0,0,0,0,0,0,0,0,6150000,0,0,0,0,0,0,0,0,0,65700,14400,0,0,0,0,0,0,0,0,0,0,0,0,0,0,0,0,0
300308.SZ,300308,20260325,91948000,0,0,0,0,0,,,0,0,0,0,0,6031900,6160000,0,0,0,0,0,0,0,0,0,70800,0,0,0,0,0,0,0,0,0,6160000,0,0,0,0,0,0,0,0,0,70800,4700,0,0,0,0,0,0,0,0,0,0,0,0,0,0,0,0,0
300308.SZ,300308,20260325,91957000,0,0,0,0,0,,,0,0,0,0,0,6031900,6160000,0,0,0,0,0,0,0,0,0,70900,0,0,0,0,0,0,0,0,0,6160000,0,0,0,0,0,0,0,0,0,70900,5200,0,0,0,0,0,0,0,0,0,0,0,0,0,0,0,0,0
300308.SZ,300308,20260325,92000000,0,0,0,0,0,,,0,0,0,0,0,6031900,6165000,0,0,0,0,0,0,0,0,0,72300,0,0,0,0,0,0,0,0,0,6165000,0,0,0,0,0,0,0,0,0,72300,0,0,0,0,0,0,0,0,0,0,0,0,0,0,0,0,0,0
300308.SZ,300308,20260325,92009000,0,0,0,0,0,,,0,0,0,0,0,6031900,6164700,0,0,0,0,0,0,0,0,0,74500,400,0,0,0,0,0,0,0,0,6164700,0,0,0,0,0,0,0,0,0,74500,0,0,0,0,0,0,0,0,0,0,0,0,0,0,0,0,0,0
300308.SZ,300308,20260325,92018000,0,0,0,0,0,,,0,0,0,0,0,6031900,6165000,0,0,0,0,0,0,0,0,0,75700,800,0,0,0,0,0,0,0,0,6165000,0,0,0,0,0,0,0,0,0,75700,0,0,0,0,0,0,0,0,0,0,0,0,0,0,0,0,0,0
300308.SZ,300308,20260325,92027000,0,0,0,0,0,,,0,0,0,0,0,6031900,6165000,0,0,0,0,0,0,0,0,0,82700,0,0,0,0,0,0,0,0,0,6165000,0,0,0,0,0,0,0,0,0,82700,0,0,0,0,0,0,0,0,0,0,0,0,0,0,0,0,0,0
300308.SZ,300308,20260325,92036000,0,0,0,0,0,,,0,0,0,0,0,6031900,6165000,0,0,0,0,0,0,0,0,0,83800,800,0,0,0,0,0,0,0,0,6165000,0,0,0,0,0,0,0,0,0,83800,0,0,0,0,0,0,0,0,0,0,0,0,0,0,0,0,0,0
300308.SZ,300308,20260325,92045000,0,0,0,0,0,,,0,0,0,0,0,6031900,6170000,0,0,0,0,0,0,0,0,0,88900,0,0,0,0,0,0,0,0,0,6170000,0,0,0,0,0,0,0,0,0,88900,12700,0,0,0,0,0,0,0,0,0,0,0,0,0,0,0,0,0
300308.SZ,300308,20260325,92054000,0,0,0,0,0,,,0,0,0,0,0,6031900,6170000,0,0,0,0,0,0,0,0,0,88900,0,0,0,0,0,0,0,0,0,6170000,0,0,0,0,0,0,0,0,0,88900,14600,0,0,0,0,0,0,0,0,0,0,0,0,0,0,0,0,0
300308.SZ,300308,20260325,92103000,0,0,0,0,0,,,0,0,0,0,0,6031900,6170000,0,0,0,0,0,0,0,0,0,94500,0,0,0,0,0,0,0,0,0,6170000,0,0,0,0,0,0,0,0,0,94500,12700,0,0,0,0,0,0,0,0,0,0,0,0,0,0,0,0,0
300308.SZ,300308,20260325,92112000,0,0,0,0,0,,,0,0,0,0,0,6031900,6170000,0,0,0,0,0,0,0,0,0,96900,0,0,0,0,0,0,0,0,0,6170000,0,0,0,0,0,0,0,0,0,96900,11900,0,0,0,0,0,0,0,0,0,0,0,0,0,0,0,0,0
300308.SZ,300308,20260325,92121000,0,0,0,0,0,,,0,0,0,0,0,6031900,6170000,0,0,0,0,0,0,0,0,0,98300,0,0,0,0,0,0,0,0,0,6170000,0,0,0,0,0,0,0,0,0,98300,17200,0,0,0,0,0,0,0,0,0,0,0,0,0,0,0,0,0
300308.SZ,300308,20260325,92130000,0,0,0,0,0,,,0,0,0,0,0,6031900,6180000,0,0,0,0,0,0,0,0,0,112200,0,0,0,0,0,0,0,0,0,6180000,0,0,0,0,0,0,0,0,0,112200,3000,0,0,0,0,0,0,0,0,0,0,0,0,0,0,0,0,0
300308.SZ,300308,20260325,92139000,0,0,0,0,0,,,0,0,0,0,0,6031900,6180000,0,0,0,0,0,0,0,0,0,115100,0,0,0,0,0,0,0,0,0,6180000,0,0,0,0,0,0,0,0,0,115100,11300,0,0,0,0,0,0,0,0,0,0,0,0,0,0,0,0,0
300308.SZ,300308,20260325,92148000,0,0,0,0,0,,,0,0,0,0,0,6031900,6180000,0,0,0,0,0,0,0,0,0,115800,0,0,0,0,0,0,0,0,0,6180000,0,0,0,0,0,0,0,0,0,115800,27700,0,0,0,0,0,0,0,0,0,0,0,0,0,0,0,0,0
300308.SZ,300308,20260325,92157000,0,0,0,0,0,,,0,0,0,0,0,6031900,6180000,0,0,0,0,0,0,0,0,0,119700,0,0,0,0,0,0,0,0,0,6180000,0,0,0,0,0,0,0,0,0,119700,30300,0,0,0,0,0,0,0,0,0,0,0,0,0,0,0,0,0
300308.SZ,300308,20260325,92206000,0,0,0,0,0,,,0,0,0,0,0,6031900,6180000,0,0,0,0,0,0,0,0,0,121700,0,0,0,0,0,0,0,0,0,6180000,0,0,0,0,0,0,0,0,0,121700,29300,0,0,0,0,0,0,0,0,0,0,0,0,0,0,0,0,0
300308.SZ,300308,20260325,92215000,0,0,0,0,0,,,0,0,0,0,0,6031900,6180000,0,0,0,0,0,0,0,0,0,124400,0,0,0,0,0,0,0,0,0,6180000,0,0,0,0,0,0,0,0,0,124400,33500,0,0,0,0,0,0,0,0,0,0,0,0,0,0,0,0,0
300308.SZ,300308,20260325,92224000,0,0,0,0,0,,,0,0,0,0,0,6031900,6180000,0,0,0,0,0,0,0,0,0,128400,0,0,0,0,0,0,0,0,0,6180000,0,0,0,0,0,0,0,0,0,128400,30300,0,0,0,0,0,0,0,0,0,0,0,0,0,0,0,0,0
300308.SZ,300308,20260325,92233000,0,0,0,0,0,,,0,0,0,0,0,6031900,6180000,0,0,0,0,0,0,0,0,0,133800,0,0,0,0,0,0,0,0,0,6180000,0,0,0,0,0,0,0,0,0,133800,36500,0,0,0,0,0,0,0,0,0,0,0,0,0,0,0,0,0
300308.SZ,300308,20260325,92242000,0,0,0,0,0,,,0,0,0,0,0,6031900,6180000,0,0,0,0,0,0,0,0,0,137000,0,0,0,0,0,0,0,0,0,6180000,0,0,0,0,0,0,0,0,0,137000,48900,0,0,0,0,0,0,0,0,0,0,0,0,0,0,0,0,0
300308.SZ,300308,20260325,92251000,0,0,0,0,0,,,0,0,0,0,0,6031900,6180000,0,0,0,0,0,0,0,0,0,144586,0,0,0,0,0,0,0,0,0,6180000,0,0,0,0,0,0,0,0,0,144586,52114,0,0,0,0,0,0,0,0,0,0,0,0,0,0,0,0,0
300308.SZ,300308,20260325,92300000,0,0,0,0,0,,,0,0,0,0,0,6031900,6180000,0,0,0,0,0,0,0,0,0,145686,0,0,0,0,0,0,0,0,0,6180000,0,0,0,0,0,0,0,0,0,145686,53214,0,0,0,0,0,0,0,0,0,0,0,0,0,0,0,0,0
300308.SZ,300308,20260325,92309000,0,0,0,0,0,,,0,0,0,0,0,6031900,6189800,0,0,0,0,0,0,0,0,0,154700,1000,0,0,0,0,0,0,0,0,6189800,0,0,0,0,0,0,0,0,0,154700,0,0,0,0,0,0,0,0,0,0,0,0,0,0,0,0,0,0
300308.SZ,300308,20260325,92318000,0,0,0,0,0,,,0,0,0,0,0,6031900,6199900,0,0,0,0,0,0,0,0,0,169800,2400,0,0,0,0,0,0,0,0,6199900,0,0,0,0,0,0,0,0,0,169800,0,0,0,0,0,0,0,0,0,0,0,0,0,0,0,0,0,0
300308.SZ,300308,20260325,92327000,0,0,0,0,0,,,0,0,0,0,0,6031900,6200000,0,0,0,0,0,0,0,0,0,190800,0,0,0,0,0,0,0,0,0,6200000,0,0,0,0,0,0,0,0,0,190800,15100,0,0,0,0,0,0,0,0,0,0,0,0,0,0,0,0,0
300308.SZ,300308,20260325,92336000,0,0,0,0,0,,,0,0,0,0,0,6031900,6230000,0,0,0,0,0,0,0,0,0,210200,0,0,0,0,0,0,0,0,0,6230000,0,0,0,0,0,0,0,0,0,210200,32300,0,0,0,0,0,0,0,0,0,0,0,0,0,0,0,0,0
300308.SZ,300308,20260325,92345000,0,0,0,0,0,,,0,0,0,0,0,6031900,6230000,0,0,0,0,0,0,0,0,0,213600,0,0,0,0,0,0,0,0,0,6230000,0,0,0,0,0,0,0,0,0,213600,43700,0,0,0,0,0,0,0,0,0,0,0,0,0,0,0,0,0
300308.SZ,300308,20260325,92354000,0,0,0,0,0,,,0,0,0,0,0,6031900,6230000,0,0,0,0,0,0,0,0,0,218700,0,0,0,0,0,0,0,0,0,6230000,0,0,0,0,0,0,0,0,0,218700,45600,0,0,0,0,0,0,0,0,0,0,0,0,0,0,0,0,0
300308.SZ,300308,20260325,92403000,0,0,0,0,0,,,0,0,0,0,0,6031900,6240000,0,0,0,0,0,0,0,0,0,231300,600,0,0,0,0,0,0,0,0,6240000,0,0,0,0,0,0,0,0,0,231300,0,0,0,0,0,0,0,0,0,0,0,0,0,0,0,0,0,0
300308.SZ,300308,20260325,92412000,0,0,0,0,0,,,0,0,0,0,0,6031900,6250000,0,0,0,0,0,0,0,0,0,248300,15000,0,0,0,0,0,0,0,0,6250000,0,0,0,0,0,0,0,0,0,248300,0,0,0,0,0,0,0,0,0,0,0,0,0,0,0,0,0,0
300308.SZ,300308,20260325,92421000,0,0,0,0,0,,,0,0,0,0,0,6031900,6249700,0,0,0,0,0,0,0,0,0,259600,300,0,0,0,0,0,0,0,0,6249700,0,0,0,0,0,0,0,0,0,259600,0,0,0,0,0,0,0,0,0,0,0,0,0,0,0,0,0,0
300308.SZ,300308,20260325,92430000,0,0,0,0,0,,,0,0,0,0,0,6031900,6250000,0,0,0,0,0,0,0,0,0,297100,7700,0,0,0,0,0,0,0,0,6250000,0,0,0,0,0,0,0,0,0,297100,0,0,0,0,0,0,0,0,0,0,0,0,0,0,0,0,0,0
300308.SZ,300308,20260325,92439000,0,0,0,0,0,,,0,0,0,0,0,6031900,6250000,0,0,0,0,0,0,0,0,0,351300,0,0,0,0,0,0,0,0,0,6250000,0,0,0,0,0,0,0,0,0,351300,11000,0,0,0,0,0,0,0,0,0,0,0,0,0,0,0,0,0
300308.SZ,300308,20260325,92448000,0,0,0,0,0,,,0,0,0,0,0,6031900,6250000,0,0,0,0,0,0,0,0,0,375600,41000,0,0,0,0,0,0,0,0,6250000,0,0,0,0,0,0,0,0,0,375600,0,0,0,0,0,0,0,0,0,0,0,0,0,0,0,0,0,0
300308.SZ,300308,20260325,92457000,0,0,0,0,0,,,0,0,0,0,0,6031900,6250000,0,0,0,0,0,0,0,0,0,501600,22075,0,0,0,0,0,0,0,0,6250000,0,0,0,0,0,0,0,0,0,501600,0,0,0,0,0,0,0,0,0,0,0,0,0,0,0,0,0,0
300308.SZ,300308,20260325,92500000,6250000,0,0,1907,0,,,532875,333046875,6250000,6250000,6250000,6031900,6250800,6251800,6251900,6252500,6253000,6253800,6254700,6255000,6255500,6256200,100,100,200,100,100,1800,100,1000,100,100,6250000,6249700,6241000,6240700,6240000,6236000,6235000,6232700,6232000,6231300,6125,300,500,100,9500,1400,100,100,200,100,6585100,6013100,678768,686425,0,0,0,0,0
300308.SZ,300308,20260325,93000000,6249700,0,0,3250,0,,,926975,580002421,6288000,6240700,6250000,6031900,6250000,6250700,6250800,6251800,6252500,6252800,6253000,6254500,6256000,6257000,3900,100,102,300,100,200,200,100,100,1400,6240700,6240300,6240100,6240000,6236000,6235000,6232700,6231300,6230800,6230500,25,100,3900,9900,1400,100,100,100,100,100,6558500,5936000,991171,501225,0,0,0,0,0
300308.SZ,300308,20260325,93003000,6240000,0,0,4113,0,,,1136400,710855801,6288000,6236000,6250000,6031900,6240000,6249500,6249800,6250000,6250700,6250800,6251000,6251500,6251800,6251900,100,100,300,10277,200,300,100,200,400,300,6236000,6235000,6232700,6231300,6230800,6230500,6230100,6230000,6225800,6225000,1200,100,100,100,100,100,100,13600,100,600,6540300,5926500,1243285,497500,0,0,0,0,0
300308.SZ,300308,20260325,93006000,6249700,0,0,4600,0,,,1239577,775259448,6288000,6230000,6250000,6031900,6249900,6250000,6250100,6250500,6250700,6250800,6251000,6251300,6251700,6251800,3000,12300,100,2500,400,7600,800,100,200,100,6249700,6249300,6240200,6240000,6235800,6230000,6226000,6225800,6225000,6220000,86623,1500,13800,700,3300,8700,100,100,600,2900,6532000,5980600,1322308,592523,0,0,0,0,0
300308.SZ,300308,20260325,93009000,6249700,0,0,4971,0,,,1344277,840699362,6288000,6230000,6250000,6031900,6249800,6250000,6250300,6250400,6250800,6251000,6251300,6251700,6251800,6251900,100,100,100,100,600,400,100,300,300,700,6249700,6249500,6249300,6249100,6243900,6240700,6240200,6240000,6238000,6236100,24100,7400,13800,100,100,600,13800,3000,300,100,6537500,5960600,1308808,553600,0,0,0,0,0
300308.SZ,300308,20260325,93012000,6249700,0,0,5226,0,,,1415177,885011573,6288000,6230000,6250000,6031900,6249800,6250000,6251900,6252000,6252400,6253000,6253900,6254000,6255000,6255900,600,300,700,600,100,11200,700,800,1400,300,6249700,6249500,6249300,6249200,6249100,6249000,6248800,6243900,6241100,6241000,107400,8500,13800,100,100,900,200,100,100,100,6537800,5999400,1310408,638100,0,0,0,0,0
300308.SZ,300308,20260325,93015000,6250800,0,0,5431,0,,,1463177,915017533,6288000,6230000,6250000,6031900,6253000,6253900,6254000,6255000,6255900,6256000,6256100,6257000,6257900,6258000,100,700,800,1500,300,100,200,100,200,9500,6250800,6250100,6250000,6249900,6249800,6249700,6249500,6249300,6249100,6248800,3600,1300,1600,400,900,103000,8900,13900,100,200,6540900,5994700,1297708,625800,0,0,0,0,0
300308.SZ,300308,20260325,93018000,6257400,0,0,5702,0,,,1560072,975611788,6288000,6230000,6250000,6031900,6259000,6259800,6259900,6260000,6260600,6260800,6261300,6262000,6262200,6262800,400,400,500,11700,200,100,300,400,500,100,6257400,6255000,6253900,6253500,6253300,6253200,6253000,6251900,6250900,6250800,100,3400,700,200,1300,1300,300,500,7400,200,6543600,5974800,1286608,575200,0,0,0,0,0
300308.SZ,300308,20260325,93021000,6260000,0,0,5915,0,,,1605866,1004273369,6288000,6230000,6250000,6031900,6260600,6260800,6262000,6262200,6262500,6262800,6263000,6263100,6264700,6265000,200,100,100,500,300,100,200,100,100,400,6260000,6259800,6259300,6259200,6259100,6259000,6257800,6257500,6255000,6253900,806,300,1300,100,100,300,7400,300,10400,700,6546700,5984700,1278308,596206,0,0,0,0,0
300308.SZ,300308,20260325,93024000,6270000,0,0,6145,0,,,1647866,1030575785,6288000,6230000,6250000,6031900,6270800,6271000,6272000,6273000,6273500,6273800,6274500,6274800,6275000,6275200,100,400,2400,100,2900,100,1000,300,3500,300,6270000,6260900,6260600,6260000,6259800,6259000,6257500,6257400,6255000,6253900,71700,1200,100,11600,300,2400,400,500,10400,700,6550500,6013100,1266208,679500,0,0,0,0,0
300308.SZ,300308,20260325,93027000,6273000,0,0,6277,0,,,1685666,1054281949,6288000,6230000,6250000,6031900,6275000,6276000,6276100,6276600,6276900,6277200,6277500,6277700,6277900,6278000,600,200,300,100,100,300,100,100,100,100,6271000,6270800,6270100,6270000,6269300,6269000,6262500,6262200,6261200,6261000,100,1100,30700,62600,500,100,12000,1500,100,100,6552600,6025500,1258508,715500,0,0,0,0,0
300308.SZ,300308,20260325,93030000,6276900,0,0,6449,0,,,1713766,1071918104,6288000,6230000,6250000,6031900,6280000,6280200,6280500,6280800,6281500,6281800,6281900,6282000,6282200,6282600,18800,300,100,100,100,300,200,200,100,300,6276900,6276000,6275300,6275000,6273500,6271100,6271000,6270800,6270100,6270000,2400,800,1400,2800,200,200,900,2700,23300,62900,6553500,6031000,1257608,731300,0,0,0,0,0
300308.SZ,300308,20260325,93033000,6281500,0,0,6747,0,,,1766766,1105209358,6288800,6230000,6250000,6031900,6288800,6288900,6289000,6289300,6289700,6289800,6289900,6290000,6290100,6291000,5100,100,200,500,500,1400,700,18368,500,300,6281500,6280500,6280300,6280200,6280000,6278500,6278000,6277400,6277000,6276900,9200,200,11900,300,9400,7400,12700,5100,700,1800,6559100,6053000,1234608,785600,0,0,0,0,0
300308.SZ,300308,20260325,93036000,6289300,0,0,7015,0,,,1821066,1139359654,6290000,6230000,6250000,6031900,6289700,6290000,6290100,6291000,6291300,6291800,6291900,6292000,6292200,6292300,200,268,500,300,300,200,100,100,100,100,6289300,6289100,6289000,6288900,6288800,6288300,6288000,6287500,6287200,6287000,9100,5100,11500,200,19400,100,100,100,100,100,6561700,6054100,1232508,782600,0,0,0,0,0
300308.SZ,300308,20260325,93039000,6291000,0,0,7265,0,,,1941334,1215005608,6293800,6230000,6250000,6031900,6293800,6294600,6294700,6294800,6294900,6295000,6295700,6295900,6296600,6297000,200,300,200,300,300,1100,200,100,500,100,6291000,6289900,6289800,6289700,6289300,6288800,6288300,6287200,6287000,6285600,2500,100,600,2400,95300,15700,100,100,100,100,6562100,6052900,1235740,769000,0,0,0,0,0
300308.SZ,300308,20260325,93042000,6294900,0,0,7489,0,,,1991234,1246410322,6298800,6230000,6250000,6031900,6298800,6299000,6299100,6299200,6299300,6299400,6299500,6299600,6299700,6299800,1900,1300,100,200,300,100,100,1500,3700,10300,6294900,6294800,6294700,6294100,6293800,6293200,6292900,6291500,6291300,6291000,1900,2400,300,900,1200,7400,2300,36300,900,56700,6563800,6054200,1230840,771800,0,0,0,0,0
300308.SZ,300308,20260325,93045000,6299300,0,0,7805,0,,,2076334,1300014554,6300000,6230000,6250000,6031900,6300000,6300100,6300200,6300500,6300600,6300800,6301000,6301100,6301300,6301800,68900,900,400,700,100,200,100,200,100,1300,6299300,6299200,6299100,6299000,6298800,6297900,6295900,6295400,6295300,6295100,900,5200,100,2700,800,7400,100,600,100,1300,6572700,6065200,1198340,807100,0,0,0,0,0
300308.SZ,300308,20260325,93048000,6301700,0,0,8305,0,,,2181034,1365974681,6301800,6230000,6250000,6031900,6301800,6301900,6302000,6302300,6302600,6302800,6302900,6303000,6303600,6304400,1000,1000,600,200,100,300,300,300,200,100,6301700,6300000,6299800,6299400,6299300,6299200,6299000,6298900,6298800,6298600,800,4200,7200,3300,55700,300,11400,100,8200,300,6589400,6054100,1132040,764800,0,0,0,0,0
300308.SZ,300308,20260325,93051000,6302600,0,0,8544,0,,,2241234,1403909420,6309800,6230000,6250000,6031900,6309800,6309900,6310000,6310100,6310200,6310700,6311000,6311700,6311800,6312000,200,700,8500,300,400,200,100,300,100,100,6302600,6302300,6302200,6302000,6301900,6301800,6301700,6300900,6300800,6300600,15600,2400,1000,1300,1500,10500,86900,400,500,500,6590100,6066300,1136201,800600,0,0,0,0,0
300308.SZ,300308,20260325,93054000,6306800,0,0,8794,0,,,2297034,1439117314,6320000,6230000,6250000,6031900,6309900,6320000,6320100,6320800,6321000,6321800,6322000,6322500,6322800,6323100,400,29500,300,200,1900,200,300,200,100,100,6309800,6306900,6306800,6303600,6302900,6302700,6302600,6302400,6302300,6302200,100,100,400,1300,600,1000,66200,400,3000,1000,6593000,6028900,1131601,681700,0,0,0,0,0
300308.SZ,300308,20260325,93057000,6309900,0,0,9007,0,,,2364334,1481579251,6320000,6230000,6250000,6031900,6310000,6315000,6319900,6320000,6320100,6320800,6321000,6321800,6322000,6322500,100,400,100,21000,300,200,1900,200,300,200,6309900,6309800,6306800,6302700,6302600,6302300,6302200,6302100,6302000,6301900,100,100,61300,200,20800,2400,1000,100,2100,1300,6594600,6032800,1137401,690500,0,0,0,0,0
300308.SZ,300308,20260325,93100000,6302600,0,0,9285,0,,,2457234,1540175242,6320000,6230000,6250000,6031900,6302700,6303500,6305500,6306600,6306700,6306800,6307300,6307800,6308000,6308300,200,100,13400,400,1200,46600,100,500,100,700,6302600,6302300,6302200,6302100,6302000,6301900,6301800,6301700,6300600,6300500,11400,2400,1000,100,300,1200,3200,4100,500,6800,6570200,5998800,1247301,599800,0,0,0,0,0
300308.SZ,300308,20260325,93103000,6291000,0,0,9853,0,,,2634034,1651537653,6320000,6230000,6250000,6031900,6291500,6292100,6292500,6292600,6293000,6293800,6294200,6294800,6294900,6295000,12500,300,3300,800,400,5700,500,1500,900,1900,6291000,6290100,6290000,6289700,6289300,6288800,6283500,6281800,6281500,6280500,900,100,2000,2200,1000,600,100,2200,100,800,6540100,5949400,1417401,514900,0,0,0,0,0
300308.SZ,300308,20260325,93106000,6278000,0,0,10220,0,,,2733534,1714104802,6320000,6230000,6250000,6031900,6279800,6280000,6285600,6285800,6286200,6286500,6288300,6288700,6288800,6289200,200,7100,4600,1100,200,100,2400,200,1900,1500,6278000,6277400,6276900,6276600,6276000,6275000,6271100,6271000,6270800,6270000,7600,3900,300,1100,900,1500,200,800,2400,3400,6539200,5935300,1423602,493900,0,0,0,0,0
300308.SZ,300308,20260325,93109000,6250800,0,0,10528,0,,,2819534,1768043174,6320000,6230000,6250000,6031900,6259000,6259600,6260000,6262200,6268200,6268400,6269900,6276000,6276600,6276700,600,600,23600,3300,1600,700,1400,300,700,100,6250800,6250000,6249800,6249700,6249500,6249300,6248800,6243600,6240700,6240100,100,1400,400,400,300,800,200,100,300,100,6534000,5913200,1463902,463300,0,0,0,0,0
300308.SZ,300308,20260325,93112000,6250800,0,0,10805,0,,,2916634,1828807086,6320000,6230000,6250000,6031900,6267600,6267700,6268200,6268600,6269000,6269100,6269600,6269700,6269800,6269900,600,1000,2500,500,400,200,200,400,200,1100,6250000,6249800,6249700,6249500,6249300,6248800,6243600,6240700,6240100,6240000,400,1200,400,400,800,200,100,300,100,200,6541200,5912900,1432802,462600,0,0,0,0,0
300308.SZ,300308,20260325,93115000,6250800,0,0,11124,0,,,2967434,1860586584,6320000,6230000,6250000,6031900,6240000,6250000,6250800,6260000,6261800,6261900,6262000,6262100,6262200,6262300,100,200,15800,300,500,400,500,600,600,600,6237100,6236900,6236800,6236700,6236400,6236300,6236200,6236100,6236000,6235900,300,1400,400,500,1300,100,2200,900,1600,400,6540700,5918200,1438702,470800,0,0,0,0,0
300308.SZ,300308,20260325,93118000,6248900,0,0,11351,0,,,3015534,1890645637,6320000,6230000,6250000,6031900,6248800,6249000,6249100,6249300,6249500,6249900,6250000,6250200,6250300,6250600,1000,200,600,800,300,100,18600,100,400,200,6240000,6237100,6237000,6236900,6236800,6236300,6236200,6236100,6236000,6235900,14800,1300,1000,200,100,200,900,700,100,400,6538300,5924700,1455402,481500,0,0,0,0,0
300308.SZ,300308,20260325,93121000,6249500,0,0,11658,0,,,3074334,1927389958,6320000,6230000,6250000,6031900,6250700,6250800,6258000,6260000,6260500,6260600,6260700,6261200,6261300,6261400,100,7300,300,400,100,900,100,100,300,1100,6249500,6249300,6249100,6249000,6248900,6248800,6248100,6242200,6240200,6240100,4400,100,1900,5800,200,4500,300,100,100,100,6542200,5937600,1439702,501800,0,0,0,0,0
300308.SZ,300308,20260325,93124000,6251800,0,0,12170,0,,,3274934,2053064656,6320000,6230000,6250000,6031900,6259900,6260000,6275600,6275700,6275800,6275900,6276000,6276100,6276200,6276300,100,100,200,200,600,1000,600,1000,700,1300,6251800,6251000,6250900,6250800,6250700,6250600,6250000,6249500,6249400,6249300,400,1300,500,4200,1200,100,300,2300,400,100,6545400,5928100,1427202,486400,0,0,0,0,0
300308.SZ,300308,20260325,93127000,6262300,0,0,12400,0,,,3315934,2078752751,6320000,6230000,6250000,6031900,6275800,6276900,6277000,6278000,6278700,6279400,6280000,6281500,6282000,6284600,100,100,400,1700,1600,300,600,200,100,100,6262400,6262300,6262200,6262100,6262000,6261900,6261800,6261700,6261600,6261200,100,700,100,100,300,100,200,300,400,100,6547400,5939800,1423802,503300,0,0,0,0,0
300308.SZ,300308,20260325,93130000,6280300,0,0,12670,0,,,3381634,2119944432,6320000,6230000,6250000,6031900,6289900,6290000,6290100,6290600,6290800,6290900,6291000,6291100,6291300,6291500,300,900,1900,400,200,100,8500,100,100,1100,6280300,6280200,6280100,6280000,6279000,6278700,6276100,6275800,6271100,6262400,400,200,300,41900,200,14300,1100,1400,200,200,6548900,5979700,1426201,573600,0,0,0,0,0
300308.SZ,300308,20260325,93133000,6290800,0,0,12867,0,,,3429034,2149737236,6320000,6230000,6250000,6031900,6299300,6299500,6299600,6299800,6299900,6300000,6300100,6300700,6300800,6301000,400,100,100,100,10100,35000,200,500,100,300,6291500,6290800,6290200,6290000,6289900,6281100,6281000,6280900,6280800,6280700,200,10700,1100,700,600,200,200,400,700,500,6552100,5981400,1413901,577300,0,0,0,0,0
300308.SZ,300308,20260325,93136000,6300000,0,0,13071,0,,,3482934,2183690394,6320000,6230000,6250000,6031900,6300000,6300100,6300200,6300700,6300800,6301000,6301500,6301700,6301900,6302000,6500,200,100,500,100,300,200,500,200,100,6299900,6299600,6299300,6293100,6293000,6292600,6291500,6291100,6290900,6290800,1700,1800,200,200,2700,800,300,100,1100,10700,6555800,5975600,1398801,584300,0,0,0,0,0
300308.SZ,300308,20260325,93139000,6300300,0,0,13228,0,,,3518834,2206298406,6320000,6230000,6250000,6031900,6301900,6302000,6302200,6302300,6302400,6302600,6302700,6303000,6305100,6306000,200,100,1000,200,100,16500,400,100,100,100,6300300,6300200,6300100,6300000,6299900,6299300,6293000,6290800,6290500,6289900,3500,7300,200,10400,100,200,1300,6700,100,2600,6556900,5979200,1394901,591000,0,0,0,0,0
300308.SZ,300308,20260325,93142000,6301900,0,0,13463,0,,,3586134,2248705356,6320000,6230000,6250000,6031900,6302600,6302700,6303000,6305100,6306000,6306600,6306700,6306800,6307900,6308000,100,300,100,100,100,300,100,13800,100,200,6301900,6300200,6300000,6299900,6299800,6299300,6299200,6299000,6293000,6291500,1300,200,16900,6900,100,700,100,200,7700,100,6560800,5989300,1379301,611500,0,0,0,0,0
300308.SZ,300308,20260325,93145000,6300000,0,0,13672,0,,,3625684,2273622916,6320000,6230000,6250000,6031900,6301900,6302000,6302600,6302700,6303000,6305100,6306000,6306600,6306700,6306800,5000,100,600,300,200,100,200,300,100,13800,6293100,6293000,6291500,6290800,6290500,6290000,6289900,6286200,6281100,6281000,100,5950,100,5700,100,200,1400,12700,200,200,6558400,5974300,1398801,583250,0,0,0,0,0
300308.SZ,300308,20260325,93148000,6280000,0,0,13974,0,,,3688334,2313038936,6320000,6230000,6250000,6031900,6280200,6286900,6290000,6293000,6293100,6299300,6299400,6299800,6299900,6300000,340,200,11300,300,600,100,700,300,200,2600,6280000,6279800,6279000,6278700,6276900,6276100,6275800,6271100,6268800,6268200,19800,400,100,11500,100,400,3300,200,400,1600,6550500,5953500,1451091,545300,0,0,0,0,0
300308.SZ,300308,20260325,93151000,6290000,0,0,14153,0,,,3737234,2343789681,6320000,6230000,6250000,6031900,6293100,6296800,6299400,6299800,6299900,6300000,6300200,6300300,6300700,6300900,1124,100,100,100,500,10100,100,5550,200,100,6290000,6289100,6281300,6281200,6281100,6281000,6280900,6280800,6280700,6280600,4700,500,100,700,200,2000,600,2700,600,2300,6550500,5960900,1459975,558000,0,0,0,0,0
300308.SZ,300308,20260325,93154000,6280200,0,0,14379,0,,,3794658,2379893709,6320000,6230000,6250000,6031900,6287200,6287300,6288700,6288900,6289100,6289200,6290000,6293100,6297500,6297600,200,400,300,900,500,400,900,1300,200,400,6280200,6280100,6280000,6279900,6279800,6279600,6279000,6278700,6276900,6276100,700,100,4576,1300,400,100,100,11500,100,400,6548500,5946600,1477302,535176,0,0,0,0,0
300308.SZ,300308,20260325,93157000,6271400,0,0,14560,0,,,3855834,2418328046,6320000,6230000,6250000,6031900,6271400,6279900,6280000,6280200,6286700,6286800,6286900,6287200,6288000,6289600,200,300,3000,900,400,400,200,1800,2600,500,6270000,6268800,6262400,6261900,6261100,6260300,6260000,6259900,6258900,6258000,300,400,300,100,5200,100,900,3000,400,100,6542600,5932500,1516176,513700,0,0,0,0,0
300308.SZ,300308,20260325,93200000,6269300,0,0,14716,0,,,3888734,2438990658,6320000,6230000,6250000,6031900,6268900,6269000,6270000,6271400,6280200,6285600,6285700,6286100,6286600,6286700,300,200,200,100,1200,200,500,200,700,1000,6263400,6263300,6263200,6263100,6263000,6262900,6262800,6262700,6262500,6262400,1200,800,400,400,400,400,300,400,200,300,6539000,5934800,1553776,517400,0,0,0,0,0
300308.SZ,300308,20260325,93203000,6268900,0,0,14850,0,,,3929234,2464359234,6320000,6230000,6250000,6031900,6269600,6270000,6279500,6279600,6279700,6279800,6279900,6280000,6280200,6283000,100,2200,200,200,500,800,600,600,2100,100,6263400,6260600,6260000,6259900,6259600,6258800,6258000,6257600,6256000,6253800,500,100,200,1300,400,100,100,300,1100,100,6536100,5925400,1585576,502700,0,0,0,0,0
300308.SZ,300308,20260325,93206000,6270000,0,0,15040,0,,,3967334,2488256991,6320000,6230000,6250000,6031900,6279500,6279900,6280000,6280100,6280200,6283000,6286600,6287100,6287200,6289100,100,200,800,200,4600,100,100,100,300,500,6270000,6269900,6269500,6269400,6268900,6265700,6265200,6264800,6264000,6263800,200,400,1200,700,500,200,200,200,400,100,6534800,5932000,1600376,512600,0,0,0,0,0
300308.SZ,300308,20260325,93209000,6279500,0,0,15172,0,,,3995734,2506072829,6320000,6230000,6250000,6031900,6279500,6280200,6283000,6286600,6287100,6287200,6289100,6289500,6289900,6290000,2200,2700,100,100,100,300,500,100,200,38874,6270700,6269600,6268900,6268600,6266000,6263800,6263600,6263400,6263100,6261500,100,1700,700,500,100,100,100,1400,100,400,6533000,5929300,1614985,509300,0,0,0,0,0
300308.SZ,300308,20260325,93212000,6290000,0,0,15382,0,,,4058408,2545477431,6320000,6230000,6250000,6031900,6293100,6293400,6293800,6295000,6295600,6296600,6297200,6298800,6298900,6299000,600,300,100,100,300,200,100,700,100,100,6290000,6287100,6286100,6281000,6280200,6280100,6279900,6279600,6279500,6278000,26,1900,100,6800,10400,200,12300,8900,7100,100,6538800,5962000,1581811,561226,0,0,0,0,0
300308.SZ,300308,20260325,93215000,6293100,0,0,15492,0,,,4078808,2558305379,6320000,6230000,6250000,6031900,6286100,6290000,6293100,6299500,6299600,6299700,6299800,6299900,6300000,6300100,100,100,100,100,300,900,100,2400,44700,200,6281200,6281100,6281000,6280200,6280000,6279800,6279600,6279500,6278000,6275100,100,100,3726,10400,1500,600,8900,9700,100,100,6537300,5953900,1595811,548826,0,0,0,0,0
300308.SZ,300308,20260325,93218000,6299600,0,0,15686,0,,,4128808,2589791040,6320000,6230000,6250000,6031900,6300000,6300100,6300200,6300300,6300600,6300700,6300900,6301000,6301100,6301200,30000,300,500,5500,601,200,100,100,400,100,6299600,6299500,6293100,6290000,6287200,6286300,6286100,6281300,6281200,6281000,4100,100,6000,800,500,100,2900,400,200,3526,6539700,5953400,1579011,547526,0,0,0,0,0
300308.SZ,300308,20260325,93221000,6300000,0,0,15994,0,,,4178008,2620784949,6320000,6230000,6250000,6031900,6300100,6300200,6300300,6300600,6300700,6300800,6301000,6301100,6301200,6301400,300,500,5500,601,200,400,200,400,100,100,6300000,6299800,6293100,6290000,6289900,6287200,6286300,6286100,6282000,6281300,200,100,5600,900,12300,500,100,4800,100,400,6543600,5957300,1567111,553826,0,0,0,0,0
300308.SZ,300308,20260325,93224000,6299600,0,0,16088,0,,,4191908,2629538957,6320000,6230000,6250000,6031900,6299600,6299800,6299900,6300000,6300100,6300200,6300300,6300600,6300700,6300800,100,100,100,1000,1300,700,5400,601,200,600,6293200,6293100,6290000,6287200,6287000,6286300,6286100,6281300,6281200,6281000,100,2500,600,500,1000,100,2300,400,300,3526,6542600,5950200,1582711,542926,0,0,0,0,0
300308.SZ,300308,20260325,93227000,6293100,0,0,16213,0,,,4208108,2639740595,6320000,6230000,6250000,6031900,6290000,6293100,6299200,6299300,6299400,6299500,6299600,6299800,6299900,6300000,100,800,300,500,300,300,1400,100,1000,10400,6287000,6286100,6281300,6281200,6281000,6280200,6280000,6279600,6279500,6278600,1000,2100,400,200,3126,100,1700,8900,3900,100,6539500,5947100,1605710,538226,0,0,0,0,0
300308.SZ,300308,20260325,93230000,6286100,0,0,16377,0,,,4240008,2659824676,6320000,6230000,6250000,6031900,6287000,6290000,6293200,6299500,6299600,6299900,6300000,6300100,6300200,6300300,100,200,800,800,2900,1000,11600,400,1200,6600,6286100,6281300,6281200,6281000,6280200,6280000,6279600,6279500,6278600,6278000,200,400,200,3126,100,1700,8900,2700,100,100,6537800,5944200,1624010,534426,0,0,0,0,0
300308.SZ,300308,20260325,93233000,6287000,0,0,16466,0,,,4257534,2670840293,6320000,6230000,6250000,6031900,6284300,6284400,6287000,6287100,6290000,6292200,6293100,6293200,6295000,6296300,300,200,1474,100,900,700,200,3800,100,100,6283000,6280200,6280000,6279600,6279500,6279000,6278600,6278000,6272400,6272000,200,100,5900,8900,2700,100,100,100,200,100,6535500,5944400,1644364,534700,0,0,0,0,0
300308.SZ,300308,20260325,93236000,6287000,0,0,16716,0,,,4320708,2710535727,6320000,6230000,6250000,6031900,6289900,6290000,6291500,6292200,6293100,6293200,6295000,6296300,6298000,6299000,500,1100,200,700,1900,4700,200,100,200,100,6287000,6284300,6283300,6283000,6280000,6279500,6269700,6269600,6268900,6268600,16626,400,100,1700,100,100,500,8100,2000,100,6534700,5944200,1662789,533726,0,0,0,0,0
300308.SZ,300308,20260325,93239000,6279500,0,0,16858,0,,,4359834,2735138332,6320000,6230000,6250000,6031900,6283900,6284000,6284100,6284300,6284400,6286100,6286900,6287000,6289900,6290000,400,200,300,400,200,300,200,5674,200,200,6270000,6269700,6269600,6268900,6268600,6266600,6266000,6265100,6263800,6263400,300,700,8100,2000,100,200,500,100,100,300,6533300,5930800,1677863,513800,0,0,0,0,0
300308.SZ,300308,20260325,93242000,6283800,0,0,16989,0,,,4383734,2750144032,6320000,6230000,6250000,6031900,6283800,6283900,6284400,6285000,6286000,6286100,6286900,6287000,6289900,6290000,100,200,100,200,1800,500,100,6400,700,100,6270000,6269600,6269100,6268900,6268600,6266600,6266000,6265100,6263400,6263300,200,4800,100,2000,700,200,500,100,300,500,6531900,5929600,1691089,512100,0,0,0,0,0
300308.SZ,300308,20260325,93245000,6286000,0,0,17130,0,,,4413834,2769039166,6320000,6230000,6250000,6031900,6280000,6286700,6286800,6286900,6287000,6289900,6290000,6292400,6293000,6293100,100,200,300,300,9200,400,900,100,600,300,6270100,6270000,6269700,6269600,6269300,6269100,6268900,6268600,6266600,6266000,300,800,100,2500,100,100,2000,700,200,500,6530600,5928700,1707889,511000,0,0,0,0,0
300308.SZ,300308,20260325,93248000,6286700,0,0,17233,0,,,4436834,2783492227,6320000,6230000,6250000,6031900,6287000,6289900,6290000,6290500,6292400,6293000,6293100,6293200,6295000,6296100,6700,600,1100,100,100,600,300,5400,200,100,6286700,6284000,6283800,6280000,6273100,6273000,6272900,6272800,6272700,6270300,600,200,1100,100,300,400,100,200,100,300,6529800,5939200,1729904,527300,0,0,0,0,0
300308.SZ,300308,20260325,93251000,6287000,0,0,17353,0,,,4457534,2796504102,6320000,6230000,6250000,6031900,6290000,6290500,6292400,6293000,6293100,6293200,6293800,6294600,6295000,6296100,2900,100,100,600,800,6200,100,100,200,100,6287000,6286700,6286100,6283900,6283800,6280000,6270300,6270200,6270100,6270000,8600,500,100,300,100,100,700,200,600,11500,6529300,5944200,1733404,535100,0,0,0,0,0
300308.SZ,300308,20260325,93254000,6286700,0,0,17468,0,,,4483634,2812911753,6320000,6230000,6250000,6031900,6287000,6289900,6290000,6290500,6293000,6293100,6293200,6293800,6294600,6295000,400,100,1800,400,500,900,6300,100,100,200,6280000,6270900,6270800,6270700,6270600,6270500,6270400,6270200,6270100,6270000,700,1000,1900,1200,2800,700,300,200,800,11900,6528300,5942900,1751704,533700,0,0,0,0,0
300308.SZ,300308,20260325,93257000,6290500,0,0,17578,0,,,4501434,2824104735,6320000,6230000,6250000,6031900,6293100,6293200,6293800,6294600,6295000,6296100,6296600,6297000,6297500,6297900,100,6200,100,100,200,100,100,600,100,100,6290500,6290000,6287000,6283500,6280400,6280000,6279700,6279600,6279200,6279000,300,1500,100,300,100,900,300,100,100,200,6528100,5943400,1758504,534700,0,0,0,0,0
300308.SZ,300308,20260325,93300000,6273100,0,0,17678,0,,,4524534,2838615663,6320000,6230000,6250000,6031900,6279400,6279500,6279600,6279700,6279800,6279900,6280000,6283300,6283400,6283500,700,700,300,700,400,300,1400,200,600,200,6270100,6270000,6269600,6268900,6268600,6268500,6268000,6266600,6266000,6265100,200,11000,2300,2000,700,100,100,200,500,100,6522900,5937100,1803404,525400,0,0,0,0,0
300308.SZ,300308,20260325,93303000,6279800,0,0,18145,0,,,4607834,2891003674,6320000,6230000,6250000,6031900,6285700,6286700,6289900,6290000,6290500,6290900,6291800,6293000,6293100,6295000,400,100,100,300,400,100,700,200,100,100,6283100,6279800,6279700,6279600,6279500,6279400,6273400,6270200,6270100,6270000,400,2500,100,1800,2100,1300,100,100,1700,8000,6527900,5941300,1767604,532000,0,0,0,0,0
300308.SZ,300308,20260325,93306000,6280400,0,0,18256,0,,,4625534,2902127312,6320000,6230000,6250000,6031900,6283100,6285700,6290000,6290500,6291000,6291600,6291800,6291900,6293000,6293100,100,100,100,1400,301,100,700,300,200,300,6280000,6279900,6279800,6279500,6279400,6278500,6273400,6273100,6270800,6270200,200,200,100,1900,1400,400,100,100,100,100,6526300,5938000,1784105,527400,0,0,0,0,0
300308.SZ,300308,20260325,93309000,6273100,0,0,18359,0,,,4637934,2909915524,6320000,6230000,6250000,6031900,6279800,6279900,6280000,6283000,6283100,6283800,6285700,6286700,6287000,6288300,100,500,1700,300,3600,4000,500,100,800,100,6273100,6270800,6270200,6270100,6270000,6269900,6269600,6269400,6268900,6268600,100,200,100,500,8200,100,2200,100,1500,600,6524100,5934400,1806105,521900,0,0,0,0,0
300308.SZ,300308,20260325,93312000,6274200,0,0,18502,0,,,4665734,2927379968,6320000,6230000,6250000,6031900,6279800,6280000,6283100,6285700,6286100,6289000,6290000,6290100,6290400,6290500,100,6800,2300,100,100,500,1500,100,100,1800,6274200,6273300,6273200,6273100,6272500,6271000,6270800,6270200,6270100,6270000,100,700,300,1100,100,100,400,100,300,8200,6523400,5935600,1817005,524100,0,0,0,0,0
300308.SZ,300308,20260325,93315000,6274200,0,0,18626,0,,,4693334,2944710128,6320000,6230000,6250000,6031900,6279800,6283100,6285000,6286400,6286500,6286600,6286700,6287000,6289000,6290000,500,100,100,600,700,900,100,100,500,10100,6273100,6272500,6271000,6270800,6270200,6270100,6270000,6269900,6269600,6268900,100,100,100,400,100,300,8300,100,2200,1500,6522400,5934500,1829005,522500,0,0,0,0,0
300308.SZ,300308,20260325,93318000,6270100,0,0,18797,0,,,4724734,2964416726,6320000,6230000,6250000,6031900,6273100,6274200,6279700,6279800,6280000,6280100,6283100,6286100,6286500,6286600,300,1200,100,1500,400,1000,400,300,500,800,6270000,6269900,6269600,6268900,6268600,6268000,6266600,6266000,6263400,6263300,5800,100,2200,1500,600,100,200,500,300,500,6520400,5932700,1850105,519900,0,0,0,0,0
300308.SZ,300308,20260325,93321000,6269600,0,0,18939,0,,,4751934,2981476377,6320000,6230000,6250000,6031900,6269600,6270100,6273100,6274200,6276600,6279000,6279800,6279900,6280000,6280100,100,100,1200,2300,200,100,300,100,700,1000,6268600,6268000,6266600,6266000,6263400,6263300,6260800,6260300,6260100,6260000,600,100,200,500,300,500,100,300,200,2300,6519400,5926300,1862405,510700,0,0,0,0,0
300308.SZ,300308,20260325,93324000,6263400,0,0,19036,0,,,4765534,2990003587,6320000,6230000,6250000,6031900,6268600,6270000,6270100,6273100,6274200,6274300,6275300,6276600,6279000,6279800,100,2300,1300,1500,2400,300,100,200,100,300,6263300,6260800,6260300,6260100,6260000,6259900,6259600,6259000,6258800,6258000,500,100,300,200,2400,1000,200,100,100,100,6517100,5925400,1886404,509400,0,0,0,0,0
300308.SZ,300308,20260325,93327000,6260800,0,0,19204,0,,,4823726,3026448802,6320000,6230000,6250000,6031900,6268000,6268600,6269600,6270000,6270100,6273100,6273800,6274200,6274300,6274700,1700,900,100,2800,100,500,100,2400,300,100,6260800,6260700,6260500,6260400,6260100,6260000,6259900,6259600,6259000,6258800,8,200,400,500,100,8800,900,200,100,100,6515500,5929700,1907404,515708,0,0,0,0,0
300308.SZ,300308,20260325,93330000,6260000,0,0,19318,0,,,4843226,3038663638,6320000,6230000,6250000,6031900,6260000,6260100,6260500,6260800,6263300,6263400,6267900,6268000,6268200,6268600,200,2000,100,300,3500,400,200,200,100,1600,6259900,6259600,6259000,6258800,6258000,6257900,6257600,6256000,6255000,6254000,800,200,100,100,100,100,300,100,100,200,6513800,5921600,1922904,503300,0,0,0,0,0
300308.SZ,300308,20260325,93333000,6255000,0,0,19401,0,,,4859026,3048554154,6320000,6230000,6250000,6031900,6255000,6258900,6259000,6259600,6259900,6260000,6260100,6260200,6260400,6260500,100,1100,300,500,1800,1300,900,400,400,400,6251000,6250800,6250700,6250200,6250100,6250000,6249500,6248800,6248000,6246000,200,300,700,100,200,6400,1800,700,100,500,6510700,5927500,1949004,517100,0,0,0,0,0
300308.SZ,300308,20260325,93336000,6255000,0,0,19443,0,,,4866326,3053120099,6320000,6230000,6250000,6031900,6257000,6259000,6259600,6259900,6260000,6260100,6260400,6260500,6260700,6260800,400,700,600,10800,4000,900,400,400,100,20700,6255000,6250700,6250200,6250100,6250000,6249500,6248800,6248000,6246000,6241400,3900,800,100,300,6200,1800,700,100,500,200,6507700,5929600,1977404,520600,0,0,0,0,0
300308.SZ,300308,20260325,93339000,6255000,0,0,19525,0,,,4880426,3061939326,6320000,6230000,6250000,6031900,6255000,6259500,6259600,6259900,6260000,6260100,6260200,6260400,6260500,6260700,7800,100,700,10600,4000,900,100,400,300,100,6251000,6250700,6250600,6250200,6250100,6250000,6249500,6248800,6248000,6246000,100,400,200,100,500,6500,1800,700,100,500,6506700,5926800,1988004,516200,0,0,0,0,0
300308.SZ,300308,20260325,93342000,6250700,0,0,19584,0,,,4892526,3069503928,6320000,6230000,6250000,6031900,6250200,6250700,6251000,6253000,6254900,6255000,6256000,6257000,6259300,6259500,200,19,1300,100,600,19200,200,100,100,100,6250100,6250000,6249500,6248800,6248000,6246600,6246000,6242000,6241400,6241100,200,2900,1900,700,100,100,500,100,200,200,6504300,5923800,2007823,511300,0,0,0,0,0
300308.SZ,300308,20260325,93345000,6246000,0,0,19724,0,,,4916326,3084379778,6320000,6230000,6250000,6031900,6248000,6249500,6250000,6250100,6250200,6250700,6251000,6251600,6253900,6254900,100,200,2000,1100,100,1100,300,100,265,600,6246000,6242000,6241400,6241100,6241000,6240400,6240300,6240200,6240100,6240000,300,100,200,200,100,100,100,100,100,1100,6502900,5920000,2022069,505600,0,0,0,0,0
300308.SZ,300308,20260325,93348000,6249500,0,0,19823,0,,,4936026,3096687058,6320000,6230000,6250000,6031900,6246000,6250000,6250100,6250200,6250500,6250600,6250700,6251000,6251600,6253900,400,1400,9800,300,100,100,1600,3400,100,265,6240000,6238800,6238000,6237600,6236900,6236600,6236000,6235000,6233000,6232800,200,200,100,100,5600,100,1400,100,300,100,6500000,5919300,2050669,504600,0,0,0,0,0
300308.SZ,300308,20260325,93351000,6255000,0,0,20104,0,,,4997591,3135179395,6320000,6230000,6250000,6031900,6259900,6260000,6260100,6260200,6260400,6260500,6260700,6260800,6261000,6261100,8000,3000,900,100,400,100,100,16000,100,200,6255000,6251100,6251000,6250900,6250700,6250300,6250200,6250100,6250000,6248000,1700,200,335,200,100,300,1000,200,15700,200,6505700,5934000,2007004,528535,0,0,0,0,0
300308.SZ,300308,20260325,93354000,6250800,0,0,20223,0,,,5031291,3156251283,6320000,6230000,6250000,6031900,6254600,6255000,6259800,6259900,6260000,6260100,6260200,6260400,6260500,6260800,300,2200,100,1400,2600,900,100,600,100,9600,6250800,6250400,6250200,6250000,6248000,6246300,6246200,6246000,6240300,6240200,200,100,100,500,300,500,900,1700,200,400,6506800,5924200,2002404,512900,0,0,0,0,0
300308.SZ,300308,20260325,93357000,6250800,0,0,20276,0,,,5040091,3161753414,6320000,6230000,6250000,6031900,6254600,6255000,6255800,6259900,6260000,6260100,6260200,6260400,6260500,6260800,800,4400,200,1500,2500,900,100,600,100,9400,6250800,6250700,6250500,6250400,6250200,6250100,6250000,6249900,6249400,6248600,1300,100,200,600,200,500,1800,100,300,100,6505500,5927700,2017304,518500,0,0,0,0,0
300308.SZ,300308,20260325,93400000,6250000,0,0,20417,0,,,5066291,3178135222,6320000,6230000,6250000,6031900,6250800,6253900,6254600,6255800,6259000,6259500,6259800,6259900,6260000,6260100,100,100,200,100,100,200,100,1500,2800,900,6250000,6249900,6249800,6249400,6248600,6248000,6246300,6246200,6246000,6240800,600,100,300,300,100,1200,100,900,4600,100,6506600,5927100,2020804,517800,0,0,0,0,0
300308.SZ,300308,20260325,93403000,6253900,0,0,20517,0,,,5081191,3187448842,6320000,6230000,6250000,6031900,6254600,6255000,6255700,6255800,6258800,6259000,6259800,6259900,6260000,6260100,400,4298,100,100,100,100,100,1500,3100,900,6253900,6250800,6249900,6249800,6249700,6249600,6249500,6249100,6249000,6248600,1000,600,3200,2600,200,100,200,100,200,100,6505300,5930900,2034102,524300,0,0,0,0,0
300308.SZ,300308,20260325,93406000,6249900,0,0,20612,0,,,5100091,3199264986,6320000,6230000,6250000,6031900,6250000,6250800,6253900,6255000,6255700,6255800,6258800,6259000,6259800,6259900,500,300,800,98,100,100,100,100,100,1500,6249900,6249800,6249700,6249600,6249100,6248600,6248000,6246300,6246200,6246000,2600,2600,200,100,100,100,1100,100,900,4600,6505300,5929500,2039502,522600,0,0,0,0,0
300308.SZ,300308,20260325,93409000,6246000,0,0,20727,0,,,5121591,3212701560,6320000,6230000,6250000,6031900,6249300,6249600,6249700,6249800,6249900,6250000,6250700,6250800,6253000,6253200,100,200,800,200,700,485,100,200,1800,200,6246000,6240800,6240200,6240100,6240000,6239900,6238800,6238000,6237600,6236900,200,200,100,200,2100,100,700,100,100,5900,6503900,5922500,2050487,511600,0,0,0,0,0
300308.SZ,300308,20260325,93412000,6249300,0,0,20833,0,,,5143561,3226433777,6320000,6230000,6250000,6031900,6249700,6249800,6249900,6250000,6250800,6253900,6254000,6254600,6255000,6255700,100,1400,2800,800,100,1900,200,2600,298,100,6248000,6246000,6245900,6245800,6242900,6240800,6240300,6240200,6240100,6240000,100,700,100,2230,200,300,100,100,600,2000,6503200,5924300,2059302,514430,0,0,0,0,0
300308.SZ,300308,20260325,93415000,6245900,0,0,20969,0,,,5168661,3242118007,6320000,6230000,6250000,6031900,6245900,6246000,6248000,6249600,6249700,6250000,6250800,6253500,6253900,6254000,100,200,600,1500,500,12400,300,100,2400,200,6245800,6242900,6240800,6240300,6240200,6240100,6240000,6239900,6238800,6238000,100,730,400,500,200,200,2100,100,500,100,6501500,5922800,2082402,512230,0,0,0,0,0
300308.SZ,300308,20260325,93418000,6245700,0,0,21053,0,,,5197461,3260113638,6320000,6230000,6250000,6031900,6245800,6246000,6248000,6249300,6249900,6250000,6250100,6250800,6253500,6253900,100,600,200,100,600,600,700,400,100,4000,6245700,6245100,6244800,6242900,6240800,6240300,6240200,6240100,6240000,6239900,1900,100,100,330,400,500,200,300,2100,100,6502500,5918600,2078402,508630,0,0,0,0,0
300308.SZ,300308,20260325,93421000,6245600,0,0,21134,0,,,5216561,3272042475,6320000,6230000,6250000,6031900,6245500,6245600,6245700,6245800,6245900,6246000,6248000,6249300,6249900,6250000,200,100,1300,2400,100,100,1100,300,1800,1000,6240300,6240200,6240100,6240000,6239900,6239300,6238800,6238000,6237600,6236900,130,200,400,2100,100,100,500,100,100,5900,6501600,5916900,2088802,506530,0,0,0,0,0
300308.SZ,300308,20260325,93424000,6240300,0,0,21214,0,,,5227961,3279161585,6320000,6230000,6250000,6031900,6242900,6245000,6245600,6245700,6245800,6245900,6246000,6248000,6249300,6249900,500,100,1000,3200,3400,400,3100,2100,300,1700,6240300,6240200,6240100,6240000,6239900,6239300,6239200,6238800,6238000,6237600,30,200,700,2200,100,100,100,100,100,100,6500300,5917300,2102002,507630,0,0,0,0,0
300308.SZ,300308,20260325,93427000,6240200,0,0,21302,0,,,5241291,3287482004,6320000,6230000,6250000,6031900,6240300,6245000,6245300,6245500,6245600,6245700,6245800,6245900,6246000,6248000,700,1970,100,800,2100,4800,4200,400,3100,2100,6240200,6240100,6240000,6239900,6239700,6239300,6239200,6238800,6237600,6236900,100,400,3200,200,100,100,100,100,100,5900,6499300,5916300,2113074,505900,0,0,0,0,0
300308.SZ,300308,20260325,93430000,6259000,0,0,21524,0,,,5288661,3317084565,6320000,6230000,6250000,6031900,6259500,6259600,6259800,6259900,6260000,6260100,6260400,6260500,6260800,6261000,200,100,100,1500,3500,5900,400,1000,6200,100,6259000,6246100,6246000,6245900,6245700,6245600,6245500,6245000,6242900,6240600,200,200,300,2000,6100,2100,1800,430,600,1000,6503500,5930000,2085304,528230,0,0,0,0,0
300308.SZ,300308,20260325,93433000,6260800,0,0,21721,0,,,5326161,3340558407,6320000,6230000,6250000,6031900,6264900,6265000,6267800,6267900,6268000,6268600,6268800,6269000,6269600,6269800,100,400,100,100,100,800,500,100,1000,100,6259600,6259500,6258900,6258500,6258000,6255900,6254000,6250000,6246300,6246200,300,1000,1200,100,100,400,4000,100,4200,400,6505800,5939300,2066904,543430,0,0,0,0,0
300308.SZ,300308,20260325,93436000,6268700,0,0,21803,0,,,5340061,3349262648,6320000,6230000,6250000,6031900,6268800,6269000,6269600,6269800,6269900,6270000,6270100,6273100,6273800,6274200,100,100,1000,100,100,1100,600,700,100,2100,6268700,6264900,6259600,6259500,6259100,6259000,6255900,6250000,6246300,6246200,700,200,100,600,100,300,300,100,4200,400,6505900,5935200,2070504,536530,0,0,0,0,0
300308.SZ,300308,20260325,93439000,6259600,0,0,21896,0,,,5352661,3357156319,6320000,6230000,6250000,6031900,6268600,6268700,6272700,6272800,6272900,6273000,6273100,6273800,6274200,6274300,100,200,100,100,200,300,700,100,2000,300,6262700,6259600,6259500,6259000,6255900,6250000,6249300,6246300,6246200,6246100,100,300,3100,100,300,100,100,4200,200,1400,6505900,5938200,2071804,542230,0,0,0,0,0
300308.SZ,300308,20260325,93442000,6268600,0,0,21953,0,,,5359061,3361167809,6320000,6230000,6250000,6031900,6272800,6272900,6273100,6273800,6274200,6274300,6274700,6275000,6276800,6279900,200,100,500,100,2000,300,100,100,200,400,6269000,6268800,6268600,6268400,6267800,6264900,6263300,6262700,6262600,6262500,1300,100,3300,100,100,100,200,1100,1200,300,6505800,5941400,2077204,551330,0,0,0,0,0
300308.SZ,300308,20260325,93445000,6272900,0,0,22001,0,,,5370261,3368192215,6320000,6230000,6250000,6031900,6274200,6274300,6274700,6275000,6276800,6279900,6280000,6280100,6280300,6282000,1200,300,100,100,200,400,5200,1000,500,100,6271800,6270000,6269100,6268900,6268800,6268700,6268600,6268400,6267800,6264900,100,4200,200,100,500,300,5700,100,600,5100,6505800,5949000,2078604,564530,0,0,0,0,0
300308.SZ,300308,20260325,93448000,6275000,0,0,22099,0,,,5391361,3381434172,6320000,6230000,6250000,6031900,6279800,6279900,6280000,6280100,6280300,6282000,6283100,6283800,6284500,6285000,100,1000,3300,1000,500,100,600,300,100,500,6275000,6274300,6273100,6272900,6272800,6269100,6268900,6268800,6268700,6268600,400,3100,200,100,2000,200,200,500,300,2900,6506300,5948300,2073804,563830,0,0,0,0,0
300308.SZ,300308,20260325,93451000,6280000,0,0,22169,0,,,5404561,3389720335,6320000,6230000,6250000,6031900,6280100,6280200,6280300,6282000,6283100,6283800,6284500,6285000,6285700,6285800,1000,100,500,100,600,300,100,500,200,100,6280000,6274200,6273100,6272900,6272800,6269400,6269100,6269000,6268900,6268800,800,1200,400,100,2200,100,200,100,200,500,6508000,5945700,2050704,559530,0,0,0,0,0
300308.SZ,300308,20260325,93454000,6279900,0,0,22312,0,,,5439761,3411807020,6320000,6230000,6250000,6031900,6279900,6280000,6280100,6280200,6280300,6282000,6283100,6283800,6284500,6285000,100,4600,1200,100,500,100,500,300,100,500,6269100,6264900,6263000,6260000,6259600,6259500,6258600,6255900,6250000,6248800,200,5500,100,400,400,100,500,300,1500,100,6507900,5940900,2061404,550530,0,0,0,0,0
300308.SZ,300308,20260325,93457000,6280100,0,0,22392,0,,,5459461,3424175271,6320000,6230000,6250000,6031900,6280100,6280300,6283100,6283800,6284500,6285000,6285700,6285800,6286000,6286100,300,600,800,300,100,500,200,100,300,300,6280000,6274300,6272900,6272800,6269200,6269000,6265300,6265200,6265100,6265000,800,300,200,700,100,100,600,100,300,100,6508300,5943000,2059004,554530,0,0,0,0,0
300308.SZ,300308,20260325,93500000,6274300,0,0,22530,0,,,5489761,3443196276,6320000,6230000,6250000,6031900,6274200,6274300,6276300,6279800,6279900,6280000,6280100,6280200,6280300,6283100,100,100,100,300,400,1100,200,100,700,800,6269600,6269500,6269400,6269100,6269000,6265300,6264900,6260000,6259600,6259500,200,100,100,500,100,300,5400,600,400,100,6508200,5943100,2062504,555000,0,0,0,0,0
300308.SZ,300308,20260325,93503000,6269000,0,0,22621,0,,,5506961,3453988163,6320000,6230000,6250000,6031900,6268900,6269000,6269100,6269600,6270000,6274100,6275200,6279800,6280000,6280100,200,500,100,300,5000,1000,100,300,8200,500,6264900,6260000,6259600,6259500,6258600,6256000,6255900,6250000,6248800,6246600,5100,600,400,100,500,100,200,2700,100,100,6506400,5940200,2080504,553900,0,0,0,0,0
300308.SZ,300308,20260325,93506000,6261900,0,0,22803,0,,,5549661,3480767476,6320000,6230000,6250000,6031900,6269600,6277900,6278200,6278300,6278500,6278600,6279300,6279500,6279700,6280400,300,100,900,1400,300,1800,400,1500,3000,100,6261900,6261800,6260100,6260000,6259600,6259500,6258600,6256000,6250000,6248800,300,300,200,700,400,100,500,100,2700,100,6505100,5937500,2096604,550500,0,0,0,0,0
300308.SZ,300308,20260325,93509000,6265300,0,0,22904,0,,,5564861,3490289698,6320000,6230000,6250000,6031900,6276100,6276200,6276300,6277700,6278200,6278500,6279300,6279700,6280000,6280100,500,500,100,600,900,200,400,1500,3600,400,6265200,6265100,6261800,6261700,6259500,6259200,6258600,6256000,6250000,6248800,200,2200,2900,1500,100,100,500,100,5200,100,6505800,5942200,2095104,558700,0,0,0,0,0
300308.SZ,300308,20260325,93512000,6275000,0,0,22968,0,,,5579543,3499492873,6320000,6230000,6250000,6031900,6275000,6275900,6276100,6277600,6278200,6278500,6278800,6279300,6279700,6280000,3600,400,200,100,700,300,100,400,400,5000,6262000,6261900,6261800,6261700,6260000,6259500,6258600,6256000,6251000,6250600,200,200,918,1500,100,100,500,100,100,100,6504900,5938300,2107004,552318,0,0,0,0,0
300308.SZ,300308,20260325,93515000,6261800,0,0,23052,0,,,5594843,3509075636,6320000,6230000,6250000,6031900,6265100,6265200,6270000,6271400,6271500,6272100,6274600,6274900,6275000,6275900,200,500,1000,1600,100,200,100,800,3600,400,6261800,6259500,6258600,6256000,6251000,6250600,6250000,6248800,6246600,6246300,18,100,500,100,100,100,3200,100,100,4200,6504100,5936700,2118804,550418,0,0,0,0,0
300308.SZ,300308,20260325,93518000,6262000,0,0,23131,0,,,5610843,3519100463,6320000,6230000,6250000,6031900,6264900,6265200,6268600,6268700,6269600,6270000,6271400,6271500,6272000,6272100,200,200,1400,1400,100,800,200,100,100,200,6261700,6258900,6258700,6258100,6257900,6251900,6251800,6251000,6250600,6250000,300,100,100,100,100,200,100,100,100,3200,6503300,5936900,2129704,550500,0,0,0,0,0
300308.SZ,300308,20260325,93521000,6257900,0,0,23199,0,,,5623643,3527116709,6320000,6230000,6250000,6031900,6261800,6262000,6264800,6264900,6265000,6265100,6265200,6265900,6268600,6268700,300,1300,200,600,100,100,200,100,300,1400,6257900,6251900,6251800,6251000,6250600,6250000,6248800,6246600,6246300,6246200,700,100,100,100,100,3300,100,100,4200,200,6502600,5937100,2138904,551000,0,0,0,0,0
300308.SZ,300308,20260325,93524000,6261800,0,0,23293,0,,,5637843,3536007175,6320000,6230000,6250000,6031900,6261800,6264000,6265200,6268500,6268600,6269600,6270000,6271400,6271500,6272000,800,200,300,1000,300,200,200,400,200,200,6257900,6257800,6257700,6254400,6254100,6253900,6253700,6253500,6251600,6251400,100,1600,500,100,100,300,100,200,100,100,6502400,5939800,2142204,555500,0,0,0,0,0
300308.SZ,300308,20260325,93527000,6261800,0,0,23421,0,,,5657843,3548530855,6320000,6230000,6250000,6031900,6269500,6269600,6270000,6271400,6271500,6272000,6272100,6274000,6274600,6274900,100,100,200,400,200,200,200,300,100,1000,6261800,6258900,6258100,6258000,6255400,6254500,6254400,6253700,6251600,6251400,400,100,100,200,300,1100,500,100,100,100,6501600,5938100,2154202,555100,0,0,0,0,0
300308.SZ,300308,20260325,93530000,6264000,0,0,23569,0,,,5686743,3566624182,6320000,6230000,6250000,6031900,6269600,6269800,6269900,6270000,6272100,6274000,6274600,6274900,6275000,6275900,700,200,100,300,200,200,100,1000,4200,400,6264000,6258200,6254400,6254100,6253700,6251600,6251400,6251000,6250600,6250000,1400,100,200,3000,100,100,100,200,100,5100,6501100,5940300,2160003,559300,0,0,0,0,0
300308.SZ,300308,20260325,93533000,6270000,0,0,23676,0,,,5709143,3580661081,6320000,6230000,6250000,6031900,6274600,6275000,6275900,6276100,6276800,6278000,6278200,6278500,6278800,6279300,700,4000,400,300,100,100,200,100,200,400,6269800,6269600,6264900,6263900,6262000,6261800,6260100,6260000,6255400,6255300,200,600,600,400,100,500,100,7100,200,300,6501100,5946500,2161203,571400,0,0,0,0,0
300308.SZ,300308,20260325,93536000,6274600,0,0,23754,0,,,5725543,3590952875,6320000,6230000,6250000,6031900,6280000,6280100,6280300,6280400,6280500,6280600,6281000,6281700,6282000,6282800,13498,400,200,100,1000,501,400,200,200,100,6274600,6269800,6269700,6269600,6264900,6264200,6264000,6263900,6262000,6261800,700,100,2200,1000,1100,100,400,1200,100,900,6501800,5949400,2157503,576800,0,0,0,0,0
300308.SZ,300308,20260325,93539000,6281000,0,0,23921,0,,,5758943,3611925547,6320000,6230000,6250000,6031900,6280900,6281000,6282700,6282800,6283100,6283800,6284500,6285000,6285200,6285700,100,599,100,100,800,300,200,600,1000,200,6275800,6274600,6274500,6270000,6269800,6269600,6265100,6264900,6264200,6264000,200,3000,800,100,100,1600,500,700,100,1700,6503200,5950900,2145503,579600,0,0,0,0,0
300308.SZ,300308,20260325,93542000,6274600,0,0,24059,0,,,5787343,3629767833,6320000,6230000,6250000,6031900,6275800,6281000,6285100,6289400,6289900,6290000,6290100,6290500,6290800,6291000,100,100,200,100,700,16799,100,1600,200,100,6274600,6274500,6270000,6269800,6269600,6265100,6264900,6264600,6264200,6264000,100,2200,100,100,1600,500,800,100,100,600,6503500,5950200,2146403,578500,0,0,0,0,0
300308.SZ,300308,20260325,93545000,6275800,0,0,24120,0,,,5799643,3637489444,6320000,6230000,6250000,6031900,6275800,6280000,6280400,6280900,6281000,6283000,6288800,6289500,6289700,6289800,600,700,100,100,200,100,300,300,100,400,6274500,6270800,6270400,6269900,6269800,6269600,6265100,6264900,6264600,6264200,5900,400,100,900,900,900,300,800,100,100,6503300,5952500,2152303,578200,0,0,0,0,0
300308.SZ,300308,20260325,93548000,6269600,0,0,24213,0,,,5827443,3654935773,6320000,6230000,6250000,6031900,6274500,6274600,6275800,6276100,6280000,6280400,6280800,6280900,6281000,6283000,400,600,700,300,4300,100,100,100,200,100,6269600,6265100,6264900,6264600,6264200,6264000,6262000,6261800,6260100,6260000,300,300,800,100,100,600,100,1800,100,7200,6502600,5947400,2163203,570300,0,0,0,0,0
300308.SZ,300308,20260325,93551000,6269600,0,0,24283,0,,,5840143,3662899842,6320000,6230000,6250000,6031900,6274500,6274600,6274900,6275000,6275800,6280000,6280400,6280800,6280900,6281000,1600,700,100,100,1000,5700,100,100,100,200,6269600,6269500,6262000,6261900,6261800,6260100,6260000,6258000,6257900,6255900,200,3900,100,200,1700,100,7200,100,300,100,6502200,5949000,2173603,573300,0,0,0,0,0
300308.SZ,300308,20260325,93554000,6269500,0,0,24435,0,,,5866843,3679645645,6320000,6230000,6250000,6031900,6274000,6274500,6274600,6275800,6280000,6280400,6280800,6280900,6281000,6283000,100,1000,400,300,7000,100,100,100,500,100,6269500,6265100,6262500,6262400,6262300,6262200,6262000,6261900,6261800,6260100,500,600,100,200,100,3300,300,100,800,100,6502200,5949000,2185903,568800,0,0,0,0,0
300308.SZ,300308,20260325,93557000,6269500,0,0,24525,0,,,5882543,3689490072,6320000,6230000,6250000,6031900,6274500,6274600,6274700,6275800,6279700,6280000,6280400,6280800,6281000,6281800,700,600,100,200,100,7300,100,100,500,100,6269400,6264500,6262500,6262400,6262200,6262000,6261900,6261800,6260300,6260100,600,100,300,1300,2600,300,100,800,100,100,6502100,5949600,2204703,570100,0,0,0,0,0
300308.SZ,300308,20260325,93600000,6258800,0,0,24650,0,,,5909243,3706215377,6320000,6230000,6250000,6031900,6268900,6269000,6269100,6269200,6269300,6269400,6269500,6269600,6270000,6270800,100,200,100,300,100,300,300,100,100,100,6258000,6257900,6255900,6255400,6254800,6254500,6254400,6254300,6254100,6253700,100,300,100,100,100,200,400,200,2400,100,6501200,5943100,2217903,558800,0,0,0,0,0
300308.SZ,300308,20260325,93603000,6246600,0,0,24861,0,,,5951743,3732822032,6320000,6230000,6250000,6031900,6246600,6260700,6261100,6261200,6263200,6263900,6264000,6264100,6264600,6264700,400,200,1000,600,100,500,1200,1400,300,100,6246400,6246100,6245900,6245700,6245600,6245500,6245000,6244900,6242900,6242300,100,400,1900,200,200,500,1200,500,300,3900,6497100,5933100,2261603,541200,0,0,0,0,0
300308.SZ,300308,20260325,93606000,6246500,0,0,24967,0,,,5973343,3746328609,6320000,6230000,6250000,6031900,6257900,6258000,6258800,6262900,6263000,6263100,6263200,6263300,6264000,6264900,700,700,100,500,400,400,500,300,400,300,6246500,6246400,6246300,6246100,6245200,6245100,6245000,6244900,6244500,6242900,500,1400,5500,500,200,300,200,500,100,300,6498900,5935300,2257303,545100,0,0,0,0,0
300308.SZ,300308,20260325,93609000,6242300,0,0,25096,0,,,6000343,3763199095,6320000,6230000,6250000,6031900,6255800,6255900,6256000,6256100,6256200,6256300,6256400,6256500,6256600,6257900,100,100,500,200,200,200,200,200,300,600,6242300,6242100,6241000,6240800,6240600,6240500,6240400,6240300,6240200,6240100,2300,100,100,100,100,200,100,200,700,200,6498800,5928700,2259303,533500,0,0,0,0,0
300308.SZ,300308,20260325,93612000,6243500,0,0,25238,0,,,6023943,3777944904,6320000,6230000,6250000,6031900,6254800,6255500,6255600,6256000,6256200,6256800,6256900,6257000,6257100,6257200,400,300,200,200,1400,200,300,300,300,300,6243500,6242400,6242300,6242200,6242000,6240700,6240600,6240500,6240400,6240300,100,200,100,2600,3700,3600,800,200,100,200,6497600,5933600,2273003,542000,0,0,0,0,0
300308.SZ,300308,20260325,93615000,6254600,0,0,25340,0,,,6042943,3789811252,6320000,6230000,6250000,6031900,6243500,6254600,6254700,6254800,6255800,6256500,6256900,6257000,6257100,6257200,400,500,200,600,200,300,300,300,300,300,6243400,6242300,6242200,6240800,6240700,6240600,6240500,6240400,6240300,6240200,2800,100,400,200,2700,100,200,100,100,800,6497800,5931400,2273403,538200,0,0,0,0,0
300308.SZ,300308,20260325,93618000,6256200,0,0,25468,0,,,6070043,3806741342,6320000,6230000,6250000,6031900,6257900,6258000,6260000,6260100,6262300,6262500,6262600,6262900,6263000,6263300,100,400,700,100,100,100,100,200,200,300,6256200,6254800,6246400,6246200,6246100,6246000,6245900,6244300,6244200,6244100,8800,200,100,300,100,2700,400,100,200,800,6497700,5940900,2277603,554800,0,0,0,0,0
300308.SZ,300308,20260325,93621000,6256200,0,0,25610,0,,,6103943,3827945006,6320000,6230000,6250000,6031900,6256200,6265100,6265200,6265300,6266600,6268300,6268700,6268800,6268900,6269000,100,200,200,400,100,100,100,100,1200,300,6256100,6254800,6254700,6250800,6250700,6250500,6250400,6250300,6250200,6250100,1800,300,600,100,200,100,200,200,200,400,6498300,5939200,2275103,552100,0,0,0,0,0
300308.SZ,300308,20260325,93624000,6256400,0,0,25685,0,,,6130743,3844709045,6320000,6230000,6250000,6031900,6256600,6259900,6263500,6265100,6265200,6265300,6266600,6268300,6268700,6268800,100,400,100,100,200,400,100,100,100,200,6256400,6256300,6256000,6253400,6248100,6246900,6246600,6246500,6246200,6246000,500,1900,1400,2000,100,2400,100,5000,200,2700,6498200,5942600,2277603,558100,0,0,0,0,0
300308.SZ,300308,20260325,93627000,6265300,0,0,25791,0,,,6149143,3856235049,6320000,6230000,6250000,6031900,6269600,6269800,6270000,6270200,6271200,6273800,6274000,6274100,6274500,6274600,600,100,2000,100,100,500,200,100,2300,700,6265400,6265300,6265200,6260100,6258200,6258100,6257900,6257500,6257400,6257300,200,600,900,200,100,100,100,100,200,100,6498600,5947000,2273103,566300,0,0,0,0,0
300308.SZ,300308,20260325,93630000,6270000,0,0,25917,0,,,6172043,3870591567,6320000,6230000,6250000,6031900,6276600,6278500,6279500,6279700,6279900,6280000,6280400,6280900,6281000,6281600,100,100,500,200,1000,14100,100,100,700,100,6270000,6269800,6269600,6268600,6266200,6265500,6265400,6265300,6265100,6262300,1000,200,100,100,700,100,100,3500,100,1400,6499300,5948500,2267803,569200,0,0,0,0,0
300308.SZ,300308,20260325,93633000,6276800,0,0,26054,0,,,6196943,3886224055,6320000,6230000,6250000,6031900,6279700,6283400,6284600,6285000,6285100,6286200,6286600,6286900,6287000,6287900,100,200,500,1300,200,100,300,100,300,200,6276800,6276700,6276600,6275200,6275100,6275000,6271400,6271300,6271200,6270100,100,500,500,300,200,300,400,100,4100,600,6501000,5957100,2256203,585200,0,0,0,0,0
300308.SZ,300308,20260325,93636000,6285200,0,0,26230,0,,,6227243,3905248250,6320000,6230000,6250000,6031900,6286900,6287000,6287900,6288800,6289300,6289800,6289900,6290000,6290100,6290500,100,300,200,500,100,200,1600,16799,100,700,6285200,6285100,6283500,6283400,6281900,6279700,6278700,6278500,6276900,6276800,3900,200,100,800,200,11100,100,100,300,2900,6501200,5961600,2255803,593100,0,0,0,0,0
300308.SZ,300308,20260325,93639000,6291000,0,0,26359,0,,,6256942,3923928167,6320000,6230000,6250000,6031900,6296000,6296200,6296300,6296600,6297700,6297900,6298000,6298200,6298300,6298400,700,100,100,200,100,200,500,200,300,200,6291000,6290500,6290100,6290000,6289300,6288800,6288300,6288000,6287900,6287700,300,700,100,8301,1000,2400,100,200,1100,200,6503200,5982800,2234604,632601,0,0,0,0,0
300308.SZ,300308,20260325,93642000,6299900,0,0,26510,0,,,6295542,3948236233,6320000,6230000,6250000,6031900,6299900,6300000,6300100,6300200,6300300,6300600,6300700,6300800,6301000,6301100,5600,111180,300,600,3800,400,600,1200,300,600,6299200,6296600,6296400,6296200,6296000,6292300,6291400,6291100,6291000,6290900,400,800,300,600,15000,100,100,600,5100,3300,6505100,5978500,2214504,622501,0,0,0,0,0
300308.SZ,300308,20260325,93645000,6299900,0,0,27180,0,,,6423642,4028937047,6320000,6230000,6250000,6031900,6300000,6300100,6300200,6300300,6300600,6300700,6300800,6301000,6301100,6301400,13180,100,600,3900,400,600,1200,300,600,100,6299900,6299300,6299200,6298400,6297900,6297700,6296600,6296300,6296200,6296000,2700,300,1000,300,4400,1100,600,400,4900,16100,6514900,5979700,2116004,624201,0,0,0,0,0
300308.SZ,300308,20260325,93648000,6300000,0,0,27499,0,,,6480942,4065030951,6320000,6230000,6250000,6031900,6300800,6301000,6301100,6301400,6301500,6301700,6301800,6301900,6302000,6302200,380,300,600,100,100,200,1000,13900,700,100,6300000,6299900,6299800,6299000,6296400,6296000,6291100,6291000,6290100,6290000,15900,12000,1800,100,1100,1900,500,900,100,7801,6517300,5972600,2097604,609901,0,0,0,0,0
300308.SZ,300308,20260325,93651000,6301100,0,0,27623,0,,,6523122,4091608032,6320000,6230000,6250000,6031900,6301900,6302000,6302200,6302400,6302500,6302600,6302700,6302800,6303000,6303100,4100,700,100,700,100,1200,500,300,1600,100,6301100,6300900,6300800,6300300,6300000,6299900,6299800,6299100,6299000,6296400,4000,200,1300,2500,48220,9000,1800,200,100,1100,6518600,5988000,2088424,639321,0,0,0,0,0
300308.SZ,300308,20260325,93654000,6301100,0,0,27775,0,,,6556422,4112592802,6320000,6230000,6250000,6031900,6305000,6305100,6305700,6305800,6306000,6306100,6306200,6306300,6306400,6306600,1700,100,100,800,1600,100,100,100,100,2300,6301100,6301000,6300900,6300800,6300600,6300300,6300200,6300100,6300000,6299900,1100,1100,1600,1800,100,1700,100,600,48120,1600,6520100,5982800,2075724,629321,0,0,0,0,0
300308.SZ,300308,20260325,93657000,6286900,0,0,28001,0,,,6650442,4171823336,6320000,6230000,6250000,6031900,6295900,6296000,6296300,6296400,6296500,6298500,6298600,6299000,6299100,6299500,400,700,1000,1900,200,300,100,6600,700,1400,6287100,6286900,6285800,6285300,6285200,6283500,6281900,6280000,6279700,6278300,200,1501,100,500,100,100,100,800,400,600,6516300,5946600,2113424,565701,0,0,0,0,0
300308.SZ,300308,20260325,93700000,6287000,0,0,28177,0,,,6684042,4192937769,6320000,6230000,6250000,6031900,6287000,6294900,6295000,6295100,6295200,6295700,6295800,6295900,6296100,6296200,1200,1000,700,1600,1100,1800,1400,500,200,100,6280000,6270300,6270200,6270000,6268700,6267700,6265500,6261300,6261000,6260300,4900,100,100,400,200,100,100,200,100,100,6516400,5945000,2114724,563200,0,0,0,0,0
300308.SZ,300308,20260325,93703000,6287100,0,0,28284,0,,,6719542,4215230168,6320000,6230000,6250000,6031900,6295100,6295200,6295300,6295800,6295900,6296300,6296400,6296500,6298000,6299000,100,100,800,1000,1300,300,600,100,200,200,6287100,6287000,6279300,6279200,6279100,6279000,6271000,6270900,6270800,6270400,100,1900,200,400,200,300,200,600,600,200,6517400,5946100,2109924,564300,0,0,0,0,0
300308.SZ,300308,20260325,93706000,6293700,0,0,28374,0,,,6735142,4225043977,6320000,6230000,6250000,6031900,6293700,6294100,6295100,6295200,6295500,6295900,6296000,6296300,6296400,6296500,100,100,800,1200,100,200,300,300,500,100,6287200,6287100,6287000,6280800,6280000,6279200,6279100,6279000,6278300,6271000,200,1700,11200,100,400,400,200,300,100,200,6516900,5953300,2115524,576400,0,0,0,0,0
300308.SZ,300308,20260325,93709000,6290000,0,0,28439,0,,,6750242,4234544086,6320000,6230000,6250000,6031900,6295300,6296000,6296300,6296500,6298000,6299000,6299200,6299900,6300000,6300500,100,1300,300,100,200,200,4900,2100,11400,200,6295100,6293700,6290000,6288200,6288100,6288000,6287900,6287800,6287700,6287600,1000,100,1400,100,100,200,100,100,100,100,6516300,5959000,2125024,586300,0,0,0,0,0
300308.SZ,300308,20260325,93712000,6293700,0,0,28548,0,,,6777042,4251412131,6320000,6230000,6250000,6031900,6293600,6293700,6294000,6295000,6295300,6297600,6297700,6297800,6297900,6298000,100,500,100,300,200,100,300,200,600,600,6287100,6287000,6280800,6280000,6279400,6279200,6279100,6279000,6278300,6271000,700,1300,100,11400,2300,400,200,200,100,200,6516000,5954600,2131824,578600,0,0,0,0,0
300308.SZ,300308,20260325,93715000,6278300,0,0,28659,0,,,6801742,4266935595,6320000,6230000,6250000,6031900,6278300,6285500,6286100,6286200,6286700,6286800,6286900,6287100,6287400,6287500,1100,600,100,400,100,600,400,100,100,600,6271100,6270300,6270200,6270100,6270000,6268700,6267700,6265500,6261300,6261000,400,100,300,100,700,200,100,1100,200,100,6513800,5945100,2158624,563000,0,0,0,0,0
300308.SZ,300308,20260325,93718000,6279200,0,0,28826,0,,,6834642,4287604969,6320000,6230000,6250000,6031900,6285300,6287100,6293600,6293700,6294000,6294800,6295000,6295100,6295200,6295300,100,200,300,7000,100,100,100,1200,100,400,6279300,6279200,6279100,6279000,6278900,6278800,6277300,6277200,6276500,6276400,200,300,600,600,600,300,600,300,200,600,6514800,5954900,2152824,580600,0,0,0,0,0
300308.SZ,300308,20260325,93721000,6279300,0,0,28911,0,,,6848342,1244304,6320000,6230000,6250000,6031900,6293400,6293500,6293600,6293700,6294000,6294800,6295000,6295100,6295200,6295300,100,200,1300,7300,100,100,100,1400,100,400,6282700,6281500,6280600,6280500,6280100,6279900,6279400,6279300,6279200,6279100,100,100,200,300,100,100,100,200,5700,3100,6514400,5956000,2157224,582600,0,0,0,0,0
300308.SZ,300308,20260325,93724000,6285300,0,0,29004,0,,,6861242,9352757,6320000,6230000,6250000,6031900,6287100,6290000,6293000,6293400,6293600,6293700,6294100,6294800,6295000,6295100,100,100,22400,100,900,7400,100,100,100,2300,6285300,6282700,6282600,6281500,6281400,6281300,6281200,6281100,6281000,6280900,800,300,1700,200,200,300,200,200,200,200,6511600,5958000,2187024,586500,0,0,0,0,0
300308.SZ,300308,20260325,93727000,6285100,0,0,29090,0,,,6879842,21042213,6320000,6230000,6250000,6031900,6285100,6285200,6285300,6287100,6290000,6292800,6292900,6293000,6293200,6293300,1500,700,400,200,100,100,300,21900,200,100,6280100,6280000,6279900,6279300,6279200,6278900,6278800,6278300,6278000,6275900,200,600,600,200,200,1200,100,1500,1000,100,6510800,5947900,2196924,568800,0,0,0,0,0
300308.SZ,300308,20260325,93730000,6279900,0,0,29173,0,,,6896142,31278183,6320000,6230000,6250000,6031900,6279900,6280000,6280100,6282700,6285000,6285100,6285200,6285300,6285500,6287100,2300,100,400,100,100,1400,300,2100,100,200,6270300,6270000,6266800,6266100,6260300,6260000,6258300,6257900,6256600,6256500,200,1300,100,300,100,2400,100,200,300,100,6509100,5944600,2216624,563100,0,0,0,0,0
300308.SZ,300308,20260325,93733000,6270200,0,0,29242,0,,,6906542,37805655,6320000,6230000,6250000,6031900,6280100,6282700,6282800,6283000,6285000,6285100,6285200,6285300,6287100,6287200,100,100,100,100,495,600,200,2500,200,100,6270300,6270200,6270100,6270000,6266800,6266100,6260300,6260000,6258300,6257900,200,4300,100,1000,100,300,100,2400,100,200,6509800,5947000,2208219,567800,0,0,0,0,0
300308.SZ,300308,20260325,93736000,6279700,0,0,29373,0,,,6929242,52059809,6320000,6230000,6250000,6031900,6280000,6280100,6280500,6282500,6282600,6282700,6284900,6285000,6285100,6285200,100,300,100,200,200,100,200,300,300,600,6278300,6270400,6270300,6270200,6270100,6270000,6266800,6266000,6260300,6260100,3100,100,500,6900,2800,1800,100,100,100,100,6509400,5952600,2213619,577900,0,0,0,0,0
300308.SZ,300308,20260325,93739000,6285300,0,0,29443,0,,,6944042,61351610,6320000,6230000,6250000,6031900,6285800,6287900,6290000,6292200,6292300,6292400,6292900,6293000,6293200,6293300,100,800,4400,200,200,200,200,22095,200,100,6280100,6280000,6278400,6278300,6278200,6277300,6272000,6271900,6271800,6271700,300,400,100,700,6100,100,100,100,100,100,6509000,5955000,2219119,582300,0,0,0,0,0
300308.SZ,300308,20260325,93742000,6280800,0,0,29513,0,,,6959342,70964367,6320000,6230000,6250000,6031900,6290000,6290300,6292900,6293000,6293200,6293300,6293400,6293500,6293600,6293700,2500,400,200,22095,200,100,200,300,200,900,6280700,6280200,6280100,6280000,6279700,6278200,6277300,6272000,6271900,6271800,100,200,1200,1100,400,5600,100,100,100,100,6508900,5959500,2221919,590900,0,0,0,0,0
300308.SZ,300308,20260325,93745000,6289900,0,0,29589,0,,,6972894,79480558,6320000,6230000,6250000,6031900,6289800,6290000,6290300,6290400,6292200,6292900,6293000,6293300,6293400,6293500,100,3400,400,100,100,200,22095,100,200,300,6281200,6280700,6280600,6280200,6280000,6279700,6278700,6278200,6272000,6271900,100,800,5748,200,1000,300,100,100,100,100,6508000,5960300,2234019,592648,0,0,0,0,0
300308.SZ,300308,20260325,93748000,6281100,0,0,29642,0,,,6984094,86522031,6320000,6230000,6250000,6031900,6281200,6285700,6290300,6290400,6292200,6292900,6293000,6293300,6293400,6293500,100,100,900,100,100,300,22195,100,200,300,6281100,6280600,6280200,6280000,6279700,6278200,6272000,6271900,6271800,6271700,700,5748,200,1200,400,100,100,100,100,100,6508300,5960800,2237119,593548,0,0,0,0,0
300308.SZ,300308,20260325,93751000,6281000,0,0,29712,0,,,7004742,99493862,6320000,6230000,6250000,6031900,6281200,6287900,6288000,6288200,6288300,6288400,6288500,6288600,6288700,6288800,300,100,100,100,100,100,100,100,100,200,6281000,6280900,6276400,6276200,6276100,6276000,6275900,6275800,6275700,6275600,3000,1500,100,100,100,100,100,100,100,200,6507100,5961300,2253571,609200,0,0,0,0,0
300308.SZ,300308,20260325,93754000,6281200,0,0,29756,0,,,7013942,105272718,6320000,6230000,6250000,6031900,6287200,6287800,6287900,6289700,6289900,6290000,6290300,6292200,6292900,6293000,300,200,100,1800,400,1852,600,100,700,22295,6281200,6281000,6280900,6280700,6276400,6276200,6276100,6276000,6275900,6275800,1400,800,1600,400,100,100,100,100,100,100,6506600,5961100,2260771,609300,0,0,0,0,0
300308.SZ,300308,20260325,93757000,6281200,0,0,29809,0,,,7024642,111995362,6320000,6230000,6250000,6031900,6285000,6288900,6289000,6289500,6289700,6289800,6289900,6290000,6290300,6292200,4300,500,100,100,1300,400,400,1400,600,900,6281200,6281100,6281000,6280900,6280700,6276400,6276200,6276100,6276000,6275900,1600,600,2300,100,400,100,100,100,100,100,6505800,5960200,2272419,606800,0,0,0,0,0
300308.SZ,300308,20260325,93800000,6281500,0,0,29872,0,,,7039542,121357982,6320000,6230000,6250000,6031900,6284900,6289000,6289400,6289500,6289700,6289800,6289900,6290000,6290300,6292200,400,6500,100,100,1300,400,400,1800,600,900,6281200,6281100,6281000,6280900,6280700,6280200,6276200,6276100,6276000,6275900,200,100,600,100,400,100,100,100,100,100,6505200,5958300,2281619,604200,0,0,0,0,0
300308.SZ,300308,20260325,93803000,6288000,0,0,29923,0,,,7047942,126636775,6320000,6230000,6250000,6031900,6288000,6288600,6288800,6289000,6289500,6289700,6289800,6289900,6290000,6290300,7300,100,100,1500,100,1400,400,500,2000,600,6282400,6282300,6282200,6282100,6282000,6281900,6281800,6281400,6281300,6281200,100,100,300,200,300,200,700,200,400,1100,6504900,5959400,2288219,606700,0,0,0,0,0
300308.SZ,300308,20260325,93806000,6288000,0,0,29970,0,,,7054442,130721188,6320000,6230000,6250000,6031900,6288000,6288400,6288600,6288800,6289000,6289500,6289700,6289800,6289900,6290000,6500,100,100,100,900,300,1400,400,500,2900,6282500,6282400,6282300,6282200,6282100,6282000,6281900,6281800,6281300,6281200,200,500,1300,900,100,600,100,500,200,1500,6504700,5960100,2290319,607400,0,0,0,0,0
300308.SZ,300308,20260325,93809000,6274900,0,0,30063,0,,,7071142,141207488,6320000,6230000,6250000,6031900,6274900,6275000,6278700,6279100,6279200,6279300,6279400,6279500,6280000,6280600,100,300,1500,100,200,600,400,500,300,100,6270500,6270300,6270200,6270100,6270000,6269500,6268000,6267300,6267000,6266800,300,200,100,200,9900,100,100,100,100,100,6503100,5952700,2310919,593500,0,0,0,0,0
300308.SZ,300308,20260325,93812000,6274900,0,0,30224,0,,,7097042,157448836,6320000,6230000,6250000,6031900,6276900,6277000,6277100,6277200,6277300,6277400,6277500,6277600,6277900,6278000,200,600,300,200,100,200,400,500,200,400,6274900,6270400,6266000,6265900,6265800,6262100,6262000,6261900,6261800,6260200,700,500,400,200,400,100,300,100,200,100,6501500,5950300,2330019,584200,0,0,0,0,0
300308.SZ,300308,20260325,93815000,6277200,0,0,30282,0,,,7107842,164224977,6320000,6230000,6250000,6031900,6280000,6280600,6280700,6281100,6281200,6282300,6282400,6282500,6282700,6287000,100,700,100,2200,1200,1100,1500,900,200,800,6277200,6275000,6274900,6274800,6274400,6270500,6266600,6266500,6266400,6266100,700,100,1600,700,100,300,200,200,200,300,6501600,5951500,2330819,586000,0,0,0,0,0
300308.SZ,300308,20260325,93818000,6280200,0,0,30330,0,,,7114642,168494947,6320000,6230000,6250000,6031900,6281100,6281200,6282300,6282400,6282500,6282700,6284900,6286600,6287000,6287900,1000,1200,1100,1200,800,200,100,100,600,900,6280000,6278400,6278300,6278200,6278100,6278000,6277900,6277800,6277700,6277600,800,100,100,100,200,100,100,200,200,100,6501600,5956300,2334619,594100,0,0,0,0,0
300308.SZ,300308,20260325,93821000,6280000,0,0,30396,0,,,7125142,175088908,6320000,6230000,6250000,6031900,6282300,6282400,6282500,6282700,6284900,6286600,6287000,6287300,6287900,6288000,500,1200,700,200,100,100,600,100,500,13700,6280000,6279900,6277200,6277100,6276900,6275000,6274900,6274400,6272300,6271800,2700,100,600,900,1600,300,1300,100,100,500,6501900,5955200,2335219,592500,0,0,0,0,0
300308.SZ,300308,20260325,93824000,6280100,0,0,30475,0,,,7136542,182250582,6320000,6230000,6250000,6031900,6282000,6287800,6287900,6288000,6288600,6288800,6289000,6289500,6289700,6289800,100,100,300,10700,200,600,5300,100,1300,400,6280100,6280000,6279900,6279200,6278700,6277200,6276900,6276600,6275000,6274900,100,5900,500,2400,1300,100,1600,100,300,1300,6502100,5958500,2333819,598700,0,0,0,0,0
300308.SZ,300308,20260325,93827000,6282000,0,0,30597,0,,,7162942,198841157,6320000,6230000,6250000,6031900,6287700,6287800,6288700,6288800,6289000,6289100,6289500,6289700,6289800,6289900,300,300,100,500,5300,100,100,1300,400,600,6282000,6280500,6280400,6280300,6280200,6280100,6280000,6279900,6279600,6277200,100,200,300,200,400,5200,4600,500,100,100,6502800,5959200,2327419,601100,0,0,0,0,0
300308.SZ,300308,20260325,93830000,6289000,0,0,30666,0,,,7172342,204749134,6320000,6230000,6250000,6031900,6289000,6289100,6289500,6289700,6289800,6289900,6290000,6290300,6291000,6291800,4700,100,100,1300,400,400,5200,600,600,200,6287800,6287700,6282300,6282000,6281900,6280600,6280500,6280300,6280200,6280100,100,400,100,2600,200,200,200,200,400,1400,6502900,5958400,2327519,599600,0,0,0,0,0
300308.SZ,300308,20260325,93833000,6287800,0,0,30723,0,,,7188242,214746024,6320000,6230000,6250000,6031900,6289000,6289700,6289800,6289900,6290000,6290300,6291000,6291800,6292200,6292400,100,1300,400,400,5200,600,600,200,1000,1000,6287800,6287700,6287500,6282100,6282000,6281900,6281100,6281000,6280600,6280500,3300,1600,100,200,400,200,200,100,200,200,6503500,5960500,2325119,603600,0,0,0,0,0
300308.SZ,300308,20260325,93836000,6299200,0,0,30911,0,,,7241137,248034892,6320000,6230000,6250000,6031900,6299300,6299800,6299900,6300000,6300100,6300300,6300500,6300700,6300800,6301000,100,500,2300,66000,500,1400,300,100,500,400,6295100,6293600,6293500,6293300,6293100,6293000,6291400,6290500,6290100,6289900,900,100,2000,600,16800,7305,300,500,1100,200,6507500,5978100,2282124,639505,0,0,0,0,0
300308.SZ,300308,20260325,93839000,6300000,0,0,31406,0,,,7355225,319916627,6320000,6230000,6250000,6031900,6305000,6305100,6305300,6305600,6305700,6305800,6306000,6306100,6306300,6306400,500,100,200,100,100,1100,1000,700,100,100,6300000,6299800,6299300,6296800,6296700,6295700,6295400,6295300,6295200,6295100,4300,1500,500,300,1300,100,100,500,400,1600,6516400,5978800,2199124,640600,0,0,0,0,0
300308.SZ,300308,20260325,93842000,6299900,0,0,31615,0,,,7417525,359136698,6320000,6230000,6250000,6031900,6300000,6300100,6305600,6305700,6305800,6306000,6306100,6306300,6306400,6306600,800,400,600,200,100,100,700,100,100,200,6299900,6289400,6289100,6289000,6288900,6288400,6287900,6287800,6287500,6282100,700,500,300,800,100,800,200,700,100,200,6516800,5957200,2195924,599300,0,0,0,0,0
300308.SZ,300308,20260325,93845000,6289400,0,0,31697,0,,,7435525,370468535,6320000,6230000,6250000,6031900,6290000,6290500,6295100,6299300,6299900,6300000,6305000,6305300,6305600,6305700,1100,2000,300,100,100,3700,400,100,300,200,6289400,6289100,6289000,6288900,6288400,6287900,6287800,6282100,6282000,6281200,400,300,800,100,900,200,200,200,300,200,6516100,5956200,2203724,597700,0,0,0,0,0
300308.SZ,300308,20260325,93848000,6295100,0,0,31812,0,,,7454937,382687065,6320000,6230000,6250000,6031900,6299900,6300000,6304700,6304800,6304900,6305000,6305300,6305600,6305700,6305800,200,100,200,300,200,400,100,100,200,600,6295100,6290800,6290700,6290600,6290500,6290000,6289900,6289400,6289300,6289200,100,200,500,200,5788,1200,100,100,6700,1900,6516800,5964300,2200224,612788,0,0,0,0,0
300308.SZ,300308,20260325,93851000,6295000,0,0,31875,0,,,7463337,387978824,6320000,6230000,6250000,6031900,6295100,6299900,6300000,6301100,6304700,6304800,6304900,6305000,6305300,6305600,200,200,2900,100,100,100,100,300,100,100,6295000,6294900,6294100,6292300,6292000,6290700,6290600,6290500,6290000,6289900,2300,100,500,100,700,200,100,6700,1000,100,6515900,5964400,2210624,612900,0,0,0,0,0
300308.SZ,300308,20260325,93854000,6295100,0,0,31977,0,,,7485437,401898938,6320000,6230000,6250000,6031900,6304500,6304600,6304700,6305000,6305300,6305600,6305700,6305800,6306100,6306300,100,200,200,600,100,100,200,800,700,100,6295100,6295000,6294900,6294800,6294300,6294100,6292300,6292000,6290700,6290600,200,3100,7300,100,200,600,100,700,100,300,6516100,5966600,2209924,617500,0,0,0,0,0
300308.SZ,300308,20260325,93857000,6300000,0,0,32052,0,,,7499937,411031563,6320000,6230000,6250000,6031900,6300000,6303900,6304100,6304200,6304400,6304500,6304600,6304700,6304800,6305000,3800,100,100,100,100,200,100,200,100,600,6295600,6295100,6294900,6294800,6294500,6294300,6294100,6294000,6292300,6292000,500,1300,8000,100,100,200,600,700,100,700,6515900,5969400,2212424,623000,0,0,0,0,0
300308.SZ,300308,20260325,93900000,6300000,0,0,32158,0,,,7527437,428352119,6320000,6230000,6250000,6031900,6300000,6300800,6300900,6301000,6301100,6301200,6304400,6304500,6304600,6304700,1300,800,200,100,400,100,300,500,200,200,6295500,6295400,6295100,6294500,6291300,6291200,6291100,6290800,6290700,6290600,6400,1200,1100,100,200,300,200,200,500,400,6515800,5969800,2216724,623900,0,0,0,0,0
300308.SZ,300308,20260325,93903000,6300800,0,0,32239,0,,,7542637,437930092,6320000,6230000,6250000,6031900,6301500,6304000,6305000,6305300,6305700,6305800,6306100,6306300,6306400,6306600,200,1000,400,1000,200,800,700,100,100,200,6300800,6300200,6300000,6299900,6299800,6295600,6295500,6295400,6295300,6295200,1300,200,6700,300,200,400,7000,1200,1000,100,6516000,5977400,2216724,639300,0,0,0,0,0
300308.SZ,300308,20260325,93906000,6301500,0,0,32374,0,,,7569337,454756368,6320000,6230000,6250000,6031900,6304700,6304900,6305100,6305800,6306100,6306300,6306400,6306600,6306700,6306800,100,800,100,300,700,100,100,200,200,2200,6301500,6300800,6300700,6300600,6300500,6300300,6300200,6300000,6299900,6299800,100,100,5900,1700,100,100,500,5800,300,200,6515900,5975900,2221524,637300,0,0,0,0,0
300308.SZ,300308,20260325,93909000,6301600,0,0,32446,0,,,7586437,465534607,6320000,6230000,6250000,6031900,6304500,6304700,6305000,6306700,6306800,6306900,6307000,6307100,6307200,6307500,100,100,100,100,2400,100,5100,100,200,100,6301600,6301500,6301000,6300700,6300600,6300500,6300300,6300200,6300000,6299900,200,1300,1700,2300,1700,100,100,500,6000,300,6516100,5979200,2221324,644500,0,0,0,0,0
300308.SZ,300308,20260325,93912000,6305000,0,0,32554,0,,,7609037,479781081,6320000,6230000,6250000,6031900,6307000,6307100,6307200,6307500,6307600,6307700,6307900,6308000,6308200,6308300,1100,100,200,100,100,400,100,2200,100,200,6304500,6301600,6301500,6301400,6301000,6300700,6300500,6300300,6300200,6300000,100,100,2800,1200,1700,100,100,100,500,5400,6517300,5978000,2210824,642100,0,0,0,0,0
300308.SZ,300308,20260325,93915000,6307100,0,0,32664,0,,,7628537,492079557,6320000,6230000,6250000,6031900,6309800,6309900,6310000,6310100,6310200,6310300,6310600,6310800,6310900,6311000,3800,9700,36300,500,100,600,200,100,100,300,6304900,6304800,6304700,6304500,6304400,6301800,6301700,6301600,6301500,6301000,400,500,100,2700,1400,100,600,700,900,1700,6518100,5978800,2203424,643600,0,0,0,0,0
300308.SZ,300308,20260325,93918000,6312100,0,0,33049,0,,,7694237,533536918,6320000,6230000,6250000,6031900,6315000,6315100,6315500,6315600,6315700,6315800,6315900,6316000,6316200,6316400,2800,200,200,100,600,200,200,2600,200,100,6312200,6312100,6312000,6311900,6311800,6310700,6310200,6310100,6310000,6309900,100,2300,500,200,600,200,1000,700,11500,8300,6523800,5995700,2146424,677900,0,0,0,0,0
300308.SZ,300308,20260325,93921000,6315700,0,0,33164,0,,,7724137,552410841,6320000,6230000,6250000,6031900,6316000,6316200,6316400,6316600,6316700,6316800,6317000,6317100,6317500,6317700,500,200,100,400,200,400,2100,200,200,100,6315000,6312200,6312100,6309800,6309000,6307400,6307000,6305500,6305400,6305200,200,2300,1200,600,100,100,1600,300,100,1000,6525200,5984800,2133524,654200,0,0,0,0,0
300308.SZ,300308,20260325,93924000,6316700,0,0,33202,0,,,7729837,556011084,6320000,6230000,6250000,6031900,6316800,6317000,6317100,6317500,6317700,6318000,6318100,6318300,6318500,6318700,400,2100,200,200,100,800,200,100,100,100,6316700,6316200,6316000,6315500,6315000,6314900,6314800,6312200,6312100,6310000,100,300,1000,300,3900,3600,1000,2500,4400,300,6525800,5988700,2129424,661700,0,0,0,0,0
300308.SZ,300308,20260325,93927000,6317000,0,0,33296,0,,,7751937,569973258,6320000,6230000,6250000,6031900,6319000,6319200,6319400,6319500,6319600,6319700,6319800,6319900,6320000,6320100,1100,100,1000,100,500,100,9300,12700,174000,1500,6317000,6316800,6316700,6316600,6316300,6316200,6316100,6316000,6315800,6315700,3200,1700,1300,2500,100,100,100,2300,100,100,6527400,5991500,2114024,666500,0,0,0,0,0
300308.SZ,300308,20260325,93930000,6317000,0,0,33399,0,,,7781637,588738956,6320000,6230000,6250000,6031900,6317000,6319000,6319500,6319600,6319700,6319800,6319900,6320000,6320100,6320300,200,100,400,100,100,4200,13300,173000,1500,300,6316900,6316800,6316700,6316600,6316500,6316300,6316100,6316000,6315700,6315000,600,4300,2000,2500,100,100,200,2800,300,3800,6528400,5987200,2108424,657400,0,0,0,0,0
300308.SZ,300308,20260325,93933000,6313800,0,0,33649,0,,,7827037,617413315,6320000,6230000,6250000,6031900,6313800,6314000,6315000,6316600,6316700,6316800,6316900,6317000,6317600,6317900,200,1000,1200,100,1000,800,2100,3900,100,600,6308800,6307400,6307000,6306300,6306000,6305500,6305400,6305100,6305000,6304800,100,100,1100,100,100,300,100,500,100,100,6527300,5977300,2121424,638200,0,0,0,0,0
300308.SZ,300308,20260325,93936000,6307600,0,0,33883,0,,,7865637,641775302,6320000,6230000,6250000,6031900,6307600,6309500,6309600,6309700,6309800,6309900,6310000,6312100,6312200,6312300,300,200,400,400,400,400,600,300,400,800,6304700,6304500,6304100,6303800,6301900,6301700,6301600,6301500,6300200,6300100,900,400,100,100,200,500,1100,200,500,100,6524700,5973700,2155124,631200,0,0,0,0,0
300308.SZ,300308,20260325,93939000,6305000,0,0,33987,0,,,7880437,651110450,6320000,6230000,6250000,6031900,6309000,6309800,6309900,6310000,6312200,6312400,6312600,6312800,6313500,6313800,200,200,100,1500,200,1100,400,200,100,600,6305000,6304600,6304500,6304100,6303800,6301900,6301700,6301600,6301500,6300100,1400,2900,1300,100,100,200,500,1100,200,100,6524900,5975600,2157124,634700,0,0,0,0,0
300308.SZ,300308,20260325,93942000,6312100,0,0,34037,0,,,7888337,656094610,6320000,6230000,6250000,6031900,6312100,6312200,6312400,6312600,6312800,6313500,6313800,6314000,6315000,6316000,500,200,1100,400,200,100,700,100,3300,1100,6309000,6308900,6307700,6307600,6305000,6304900,6304600,6304500,6303800,6301900,800,100,100,300,1700,1200,2900,2200,100,200,6524700,5977700,2161824,638600,0,0,0,0,0
300308.SZ,300308,20260325,93945000,6309000,0,0,34101,0,,,7896237,661080169,6320000,6230000,6250000,6031900,6313800,6314000,6314700,6315000,6316000,6316200,6316600,6316700,6316800,6316900,500,100,200,3500,1200,200,500,1400,100,17500,6312200,6309000,6308900,6307700,6307600,6305000,6304900,6304500,6303800,6301900,700,100,6400,100,13300,1800,1200,500,100,200,6524200,5985700,2172224,654500,0,0,0,0,0
300308.SZ,300308,20260325,93948000,6313800,0,0,34173,0,,,7910937,670358711,6320000,6230000,6250000,6031900,6314800,6314900,6315000,6315500,6316000,6316200,6316600,6316700,6316900,6317000,100,400,2300,100,1300,200,1600,1400,18100,5900,6313800,6312100,6309800,6309000,6308900,6308800,6307700,6307600,6306300,6305000,100,100,3600,4100,6400,100,100,13500,100,1900,6524100,5989200,2175324,660700,0,0,0,0,0
300308.SZ,300308,20260325,93951000,6308800,0,0,34281,0,,,7945537,692200941,6320000,6230000,6250000,6031900,6308600,6311600,6311700,6312100,6312200,6313000,6313700,6314000,6314800,6315000,300,400,300,100,200,3300,500,100,200,400,6307600,6306300,6305000,6304500,6303800,6301900,6301700,6301600,6301500,6300100,11800,100,2900,500,100,200,500,500,200,100,6523200,5981900,2185224,646400,0,0,0,0,0
300308.SZ,300308,20260325,93954000,6300700,0,0,34403,0,,,7974137,710239232,6320000,6230000,6250000,6031900,6303300,6307200,6307300,6307400,6307500,6307600,6308600,6309800,6310000,6311500,1400,100,100,100,200,3100,500,900,100,400,6300100,6300000,6299900,6299800,6299700,6298700,6297300,6295600,6295100,6294700,100,5500,300,100,100,100,8400,200,100,100,6522200,5973400,2197924,630300,0,0,0,0,0
300308.SZ,300308,20260325,93957000,6300000,0,0,34556,0,,,8002037,727820092,6320000,6230000,6250000,6031900,6300000,6300100,6303300,6306300,6306400,6306500,6306600,6306700,6306800,6307100,100,500,100,200,200,400,300,200,300,100,6297300,6295600,6295100,6294700,6291300,6291200,6291100,6290800,6290700,6290600,3000,200,100,100,200,200,200,200,200,200,6521700,5964800,2208924,614300,0,0,0,0,0
300308.SZ,300308,20260325,94000000,6287800,0,0,34592,0,,,8013437,734994299,6320000,6230000,6250000,6031900,6287800,6287900,6288200,6288800,6290800,6293000,6293100,6295100,6297200,6297300,300,300,100,100,300,200,1500,100,100,1500,6282100,6282000,6281200,6280600,6280500,6280300,6280200,6280100,6280000,6279700,200,300,3200,200,300,200,200,200,5200,100,6519300,5959400,2237624,604600,0,0,0,0,0
300308.SZ,300308,20260325,94003000,6279900,0,0,34671,0,,,8030337,745607277,6320000,6230000,6250000,6031900,6279900,6282100,6287700,6287800,6290800,6293000,6295100,6297200,6297300,6299700,400,1000,200,1500,600,100,200,100,2800,100,6276600,6276500,6276200,6276000,6275600,6275200,6275000,6274800,6273000,6270500,100,100,100,300,100,100,400,100,100,100,6519500,5953500,2236424,593400,0,0,0,0,0
300308.SZ,300308,20260325,94006000,6280000,0,0,34726,0,,,8038437,750694018,6320000,6230000,6250000,6031900,6280000,6282100,6287700,6287800,6290800,6293000,6295100,6297300,6299700,6299900,600,700,600,1500,100,100,200,3800,100,200,6275600,6275500,6275200,6275000,6274800,6273000,6270500,6270200,6270100,6270000,100,100,100,400,100,100,100,100,200,3100,6519500,5953100,2237624,592800,0,0,0,0,0
300308.SZ,300308,20260325,94009000,6270300,0,0,34762,0,,,8043937,754146562,6320000,6230000,6250000,6031900,6275200,6275600,6279900,6280000,6281000,6282100,6287700,6287800,6290800,6293000,100,100,500,800,600,800,200,1500,100,100,6270200,6270100,6270000,6269900,6269400,6269200,6268300,6266600,6266500,6266400,100,200,3100,200,100,100,100,200,200,200,6519500,5952700,2238224,592400,0,0,0,0,0
300308.SZ,300308,20260325,94012000,6280000,0,0,34805,0,,,8051337,758791827,6320000,6230000,6250000,6031900,6280000,6282100,6287700,6287800,6290800,6293000,6295100,6297300,6299700,6299900,2900,1000,200,1500,100,100,100,1400,100,200,6270700,6270600,6270500,6270400,6270300,6270200,6270100,6270000,6269900,6269700,100,200,100,200,100,600,900,3000,700,100,6519300,5953900,2240024,594900,0,0,0,0,0
300308.SZ,300308,20260325,94015000,6282700,0,0,34880,0,,,8062737,765947130,6320000,6230000,6250000,6031900,6287600,6287700,6287800,6290800,6295100,6297300,6299700,6299900,6300000,6300100,500,200,1200,100,100,1400,100,200,11300,2800,6282700,6282600,6282500,6282400,6282300,6282200,6282100,6281300,6280300,6280200,100,400,200,200,100,400,1500,100,200,300,6518500,5964400,2250724,602200,0,0,0,0,0
300308.SZ,300308,20260325,94018000,6282700,0,0,34975,0,,,8077437,775181207,6320000,6230000,6250000,6031900,6282700,6287500,6287600,6287700,6287800,6288800,6295100,6297300,6299700,6299900,3100,1400,700,400,1200,100,100,800,100,300,6280200,6280100,6280000,6279900,6279200,6275700,6275600,6275500,6275200,6273900,200,4100,4100,400,100,200,200,100,800,100,6518400,5962100,2253624,582700,0,0,0,0,0
300308.SZ,300308,20260325,94021000,6271900,0,0,35076,0,,,8099137,788798084,6320000,6230000,6250000,6031900,6271900,6272000,6272400,6272500,6272600,6272700,6272800,6272900,6273000,6274500,600,100,100,400,800,1500,300,100,200,300,6270000,6269900,6269400,6269200,6268300,6266000,6262000,6261900,6261000,6260100,2900,700,100,100,100,1000,100,100,100,200,6516700,5953800,2272424,568000,0,0,0,0,0
300308.SZ,300308,20260325,94024000,6277500,0,0,35135,0,,,8110137,795697417,6320000,6230000,6250000,6031900,6277500,6277600,6277700,6277800,6280000,6280100,6280200,6282200,6282600,6282700,100,400,800,400,200,1400,1700,100,200,8100,6270100,6269900,6269400,6269200,6268300,6266000,6262000,6261900,6261000,6260100,100,600,200,100,100,1000,100,100,100,200,6516900,5953000,2273224,566900,0,0,0,0,0
300308.SZ,300308,20260325,94027000,6270100,0,0,35195,0,,,8119137,801342904,6320000,6230000,6250000,6031900,6270100,6271000,6275600,6277100,6277200,6277300,6277500,6277600,6277800,6280000,300,7100,100,100,200,300,1300,400,400,400,6270000,6269900,6269400,6269200,6268300,6266000,6262000,6261900,6261000,6260100,300,700,200,100,100,1000,100,100,100,200,6515900,5953900,2285324,568800,0,0,0,0,0
300308.SZ,300308,20260325,94030000,6260000,0,0,35264,0,,,8131737,809242188,6320000,6230000,6250000,6031900,6268500,6268600,6269800,6269900,6270000,6270100,6271000,6271100,6272500,6275600,200,600,500,800,3600,2000,2700,400,100,100,6260000,6258800,6258700,6258300,6257900,6256700,6256400,6256000,6255700,6255300,6500,100,100,100,200,100,100,700,900,100,6514900,5951900,2301124,565100,0,0,0,0,0
300308.SZ,300308,20260325,94033000,6270000,0,0,35332,0,,,8143937,816890357,6320000,6230000,6250000,6031900,6269400,6270000,6270100,6270500,6270700,6271000,6272500,6275600,6276000,6277100,700,1200,2400,300,100,2700,100,100,400,100,6263000,6260500,6260400,6260300,6260200,6260100,6260000,6259500,6258800,6258700,100,300,300,300,300,600,7700,100,300,100,6515300,5951100,2301824,560300,0,0,0,0,0
300308.SZ,300308,20260325,94036000,6270000,0,0,35398,0,,,8154437,823471022,6320000,6230000,6250000,6031900,6270100,6270500,6271000,6272500,6275600,6276000,6277100,6277200,6277500,6280000,1400,300,2700,100,100,400,100,100,1800,900,6270000,6269400,6268500,6263000,6260800,6260700,6260600,6260500,6260300,6260200,700,1400,100,100,100,100,300,100,100,1600,6516800,5953200,2285924,564000,0,0,0,0,0
300308.SZ,300308,20260325,94039000,6268500,0,0,35481,0,,,8165437,830364708,6320000,6230000,6250000,6031900,6270000,6270100,6271000,6272500,6275600,6276000,6277100,6277200,6277500,6280000,900,500,2300,100,100,400,100,100,1400,900,6267400,6263400,6263300,6263200,6263100,6263000,6260600,6260500,6260300,6260200,100,100,200,300,500,500,200,300,100,1700,6515700,5953500,2306124,564500,0,0,0,0,0
300308.SZ,300308,20260325,94042000,6267400,0,0,35537,0,,,8172737,834940121,6320000,6230000,6250000,6031900,6267400,6270000,6270100,6271000,6272500,6275600,6276000,6277100,6277200,6277500,200,1800,700,2400,100,100,400,100,100,1400,6264000,6263900,6263800,6263700,6263600,6263500,6260800,6260600,6260500,6260200,100,100,100,300,300,1100,1000,100,200,1700,6514900,5953900,2313724,565600,0,0,0,0,0
300308.SZ,300308,20260325,94045000,6267300,0,0,35571,0,,,8177937,838197658,6320000,6230000,6250000,6031900,6267300,6267400,6268500,6269900,6270000,6270100,6271000,6272500,6275600,6277100,500,1100,1200,100,2300,300,2300,100,100,100,6263900,6260800,6260500,6260300,6260200,6260100,6260000,6259800,6259500,6258800,300,700,100,100,200,100,8900,200,100,300,6514300,5952500,2320124,563000,0,0,0,0,0
300308.SZ,300308,20260325,94048000,6264000,0,0,35642,0,,,8191137,846467122,6320000,6230000,6250000,6031900,6267500,6269900,6270000,6270100,6270900,6271000,6272500,6275600,6277100,6277200,100,200,3300,400,300,2300,100,100,100,100,6264100,6264000,6263600,6260700,6260600,6260500,6260400,6260300,6260200,6260100,100,700,100,100,1900,1000,100,100,200,100,6514100,5956500,2324824,572500,0,0,0,0,0
300308.SZ,300308,20260325,94051000,6267700,0,0,35710,0,,,8206137,855871458,6320000,6230000,6250000,6031900,6277500,6278000,6280000,6280100,6280200,6282200,6282700,6283200,6287000,6287500,1200,100,1000,100,1000,100,2000,100,600,100,6269900,6267700,6267600,6267500,6267400,6267300,6264200,6264100,6264000,6263900,600,100,200,700,7800,700,400,2100,3200,100,6514800,5969900,2319124,598600,0,0,0,0,0
300308.SZ,300308,20260325,94054000,6270000,0,0,35783,0,,,8222737,866277912,6320000,6230000,6250000,6031900,6274400,6274500,6274600,6274700,6274800,6274900,6275000,6275100,6275200,6275300,100,200,200,200,200,200,200,200,200,200,6270000,6267700,6265000,6264200,6264100,6264000,6263900,6263600,6263100,6261000,600,400,100,3300,2100,5300,5000,100,100,11100,6514000,5970600,2330024,600300,0,0,0,0,0
